3240 5042
288 557 669 666 ,curabantscentcaa
688 557 1213 646 aiuotmerctriculerePhi·
1249 550 1251 554 ⁵

292 681 464 801 lorepliia
485 689 608 773 dictas
636 711 836 798 poetarum
859 689 992 773 Musas
1011 688 1113 803 apud
1135 691 1211 774 Bo.

290 817 443 927 etiu‘m3
471 817 609 900 iisdem
632 819 755 902 Musis
784 841 945 930 possunt
961 818 1085 906 etium
1101 819 1210 904 abuti

291 969 443 1048 ucenae,
463 968 501 1030 et
519 975 584 1030 eas
606 943 868 1028 meretriculas
888 943 1052 1030 reddere
1068 971 1109 1034 ut
1132 947 1211 1061 gla·
1317 1015 1320 1024 .

284 1071 401 1186 udins,
418 1075 489 1190 qui
509 1071 748 1160 defensionis
768 1075 885 1186 gratia
906 1097 964 1159 est
998 1074 1207 1184 inventur,

288 1199 475 1288 interficit
489 1231 773 1319 nonnunquam
789 1202 1003 1300 hominem,
1019 1231 1138 1318 quem
1154 1205 1209 1288 le·

241 1445 243 1449 ¹
288 1355 347 1414 rrt
379 1331 584 1418 seditiosus
604 1336 643 1416 in
681 1362 822 1444 mann.
856 1331 909 1418 dt
942 1325 1211 1446 Hieronymus

288 1456 545 1546 diabolicum
566 1493 654 1547 erre
676 1465 815 1546 cibum
838 1487 992 1572 poetam
1008 1461 1118 1552 dixit.
1140 1464 1212 1545 Vi·

290 1584 430 1672 deatnr
451 1589 688 1702 Hieronymi
709 1588 948 1692 similitudo,
975 1592 1044 1706 qni
1068 1588 1204 1674 mulie·

291 1743 387 1821 rem,
401 1718 544 1833 inquit,
559 1719 590 1801 si
608 1719 803 1824 tondatur,
818 1723 847 1800 si
863 1718 1035 1804 abscidat
1049 1719 1211 1829 ungnes,

292 1873 404 1966 posse
425 1848 573 1932 nubere
595 1851 681 1932 viro
702 1851 824 1952 bono,
858 1850 1005 1963 qnippe
1026 1846 1096 1962 qui
1120 1875 1211 1956 poe·

294 1974 425 2077 tinam,
459 1979 633 2088 deposita
659 1978 828 2090 quadam
850 1976 1088 2092 antiquitatis
1108 1976 1211 2058 cirea

289 2100 515 2214 religionem
532 2108 768 2202 vanitarem
781 2103 975 2212 rubigine,
989 2098 1083 2184 velit
1099 2121 1210 2212 posse

291 2255 397 2314 recte
411 2263 502 2318 curn
517 2235 629 2319 bonis
649 2235 752 2318 coire
773 2229 978 2314 hominum
1000 2229 1211 2348 ruentibus.

296 2359 491 2444 Videatur
505 2361 546 2446 id
562 2363 710 2476 potius,
730 2359 838 2442 unde
853 2360 1041 2472 originem
1057 2358 1215 2444 traxerit

294 2491 457 2599 poetica:
474 2519 564 2573 cnm
580 2490 694 2600 prisci
710 2487 902 2600 religionis
914 2487 1213 2590 noctorcs‚intcr

287 2619 511 2730 prophetas,
526 2619 677 2702 futuros
696 2619 871 2703 dicerent
885 2605 1047 2700 eventus
1069 2645 1211 2718 rernm,
1306 2663 1310 2678 ·

162 2771 165 2776 ·
290 2750 529 2834 carminibus
543 2748 867 2852 vaticinabantun
888 2768 929 2830 nt
942 2745 1078 2830 durior
1094 2735 1211 2828 inter*-

283 2869 456 2985 'precario
476 2880 653 2963 suaviore
673 2901 791 2962 cautu
811 2874 1001 2960 mulceret
1021 2904 1210 2985 anrespo·

289 3002 382 3112 puli.
405 3004 502 3088 lude
525 3005 774 3111 factumest,
804 3027 846 3087 ut
866 3003 891 3085 ii
916 3001 1031 3112 primi
1064 2987 1225 3104 luerint*

252 3207 255 3223 ,
288 3133 543 3218 Deitmonitu
565 3159 723 3248 poetam
748 3135 992 3216 comantem
1014 3123 1210 3254 'sacrificia

293 3266 335 3348 in
358 3292 471 3349 nsunt
492 3266 815 3365 traducerentur,
837 3285 880 3345 ut
902 3259 1085 3372 mysteria
1106 3257 1209 3339 reli·
1253 3279 1256 3288 “

292 3393 419 3507 gionis
459 3392 645 3474 maiorem
677 3389 867 3473 haberent
902 3386 1209 3491 venerationem,

291 3551 474 3607 numeros
488 3523 749 3622 inseruerunt,
771 3517 1212 3632 pontilicenoelbus‚et

293 3649 450 3762 psalmis
469 3671 772 3760 composnerunt
791 3643 945 3748 officio,
971 3675 1071 3760 qum
1092 3645 1214 3752 magis

295 3780 493 3864 ruditorea
513 3780 731 3864 delinirent.
755 3778 786 3860 F
789 3788 1002 3864 actum-est·
1012 3776 1149 3886 igitur,
1173 3795 1216 3855 nt
