3218 5064
1065 451 1141 562 ¹39

290 603 363 684 wque
378 593 610 662 monumento
627 577 806 656 obruendi
831 585 990 662 iniuncta
1021 609 1120 678 cura,
1137 589 1213 664 olli-

294 695 491 800 ciumque„
514 692 618 798 Quod
646 716 732 765 sane
760 694 929 770 omnibus
963 700 1208 796 gratissimum

290 809 467 885 acciderat
480 862 493 904 ,
507 804 563 882 ais
580 806 790 908 praesertim
809 806 1083 908 probatissimis,
1100 826 1206 913 atque

290 919 577 998 laudabilissimis
594 918 682 993 viris
693 970 706 1009 ,
722 943 876 1018 quorum
907 922 1040 998 uirtute
1069 921 1209 1000 Sancti·

289 1035 373 1112 tatis
389 1033 437 1110 V.
455 1027 575 1106 laudes
594 1029 883 1106 innumerabiles
899 1057 984 1108 eane
1000 1031 1049 1107 ad
1064 1034 1205 1112 caelum

284 1144 547 1222 efferebantur.
564 1141 659 1220 Nam
672 1167 756 1221 cnm
769 1147 929 1247 primum
945 1146 992 1220 de
1009 1171 1050 1220 ea
1068 1147 1107 1220 id
1127 1173 1205 1222 mu*

283 1262 379 1334 neris
397 1261 682 1360 impetravimus,
695 1258 799 1334 aedes
816 1257 980 1332 mercede
997 1259 1210 1353 conductae,

287 1367 486 1472 frequentes
497 1371 592 1446 coire
606 1395 745 1465 omues,
758 1386 938 1446 maternos
951 1370 1148 1471 rhythmos
1165 1372 1212 1448 ad

285 1479 403 1581 lyram
419 1507 547 1566 canere
556 1537 570 1578 ,
596 1497 705 1587 atque
733 1486 915 1585 imprimis
934 1484 1140 1570 sanctitatis
1158 1486 1204 1560 V.

286 1597 489 1686 meriturus·
506 1623 587 1696 erga
604 1623 669 1674 nos
682 1597 987 1697 magnitudinem,
998 1598 1211 1700 gratiarum·
1285 1675 1288 1683 ,

289 1731 356 1806 qus
370 1709 607 1804 mistionem,
627 1711 714 1788 licet
731 1709 864 1812 pudeat
875 1711 941 1810 pro
954 1722 1054 1783 tanta
1074 1732 1112 1782 ra
1131 1724 1207 1783 tam

289 1817 351 1893 siit
368 1821 514 1923 defungi
533 1848 686 1912 munere
702 1825 872 1900 orationis
882 1874 894 1915 ,
912 1824 1117 1925 passimque
1135 1823 1207 1895 lae-

293 1931 379 2022 titiis
394 1935 563 2010 omnibus
591 1935 761 2014 incedere
773 1990 785 2027 ,
802 1933 1060 2034 interdumque
1089 1935 1204 2008 nimio

290 2066 375 2140 puae
393 2047 521 2144 gaudio
538 2048 721 2149 desipere.
736 2049 876 2148 Operae
904 2047 1063 2146 pretinm
1092 2042 1210 2130 fuerat

289 2151 406 2230 videre
423 2181 541 2257 quum
559 2160 708 2232 iuvenes
723 2212 735 2249 ,
751 2181 867 2257 quum
889 2158 999 2229 etiam
1028 2153 1207 2232 confectus

130 2369 134 2378 Ι
262 2259 264 2264 ’
292 2266 405 2358 uiros,
420 2270 611 2370 primarios
627 2266 766 2344 scilicet
783 2281 892 2368 atque
907 2269 1202 2368 praestantiores,

293 2378 472 2480 Athenas,
488 2408 562 2460 nan
579 2384 762 2461 Minervae
774 2437 786 2477 ,
800 2383 933 2472 Leonis
949 2380 1207 2482 intelligimus,
1233 2409 1235 2416 ⁴

289 2491 382 2583 alius
396 2497 506 2574 alium
529 2485 787 2602 proculcantes,
803 2511 848 2570 ac·
859 2494 1105 2586 detrudentes,
1124 2499 1205 2571 'cer-

290 2607 396 2683 tatim
411 2625 557 2712 petere,
573 2609 760 2714 patefactis
773 2607 942 2702 aedibus,
958 2608 1113 2710 oppletis
1130 2634 1209 2710 spe·

289 2722 462 2797 stantium
487 2725 583 2818 aiis3
608 2719 924 2826 percomptabatur
955 2725 1028 2798 ism
1056 2721 1206 2821 quisque

289 2849 365 2902 rem
386 2857 513 2910 norum
524 2890 538 2929 ,
568 2861 609 2911 ac
636 2839 847 2914 sanctitatis
863 2840 909 2915 V.
926 2849 1094 2940 percepto
1128 2861 1208 2909 mu·

289 2962 375 3026 nere
387 2993 399 3033 ‚
421 2947 462 3017 a'd
489 2947 630 3024 caelum
659 2975 788 3028 manus
820 2949 1018 3043 efferebat,
1044 2949 1209 3023 clemen·

285 3053 374 3125 tiam
392 3052 678 3160 obstupescebats
703 3066 889 3164 pervagari
908 3063 1041 3137 lamam
1059 3065 1114 3137 sui
1131 3075 1206 3136 stu·

285 3163 347 3237 dio
364 3180 575 3244 restauratae
590 3177 764 3273 pristinae
784 3177 1013 3266 Academiae,
1025 3198 1208 3275 nuperque

286 3277 1210 3389 tambeneinstitutaelaudespraedicsreDiriLeonis

285 3417 375 3493 ope,
391 3421 457 3495 ope
474 3400 604 3476 Leonis
622 3404 770 3503 inquam
797 3425 833 3475 x.
863 3406 962 3477 cuius
990 3415 1079 3474 nutu
1107 3401 1203 3476 orbis

283 3515 398 3581 terrae
414 3524 573 3608 regatur:
593 3515 769 3590 iuvenum
786 3514 1063 3602 exercendorum
1094 3514 1206 3613 pratia

283 3614 409 3695 ludum
429 3625 653 3725 adapertum,
664 3626 921 3706 diverticulum
940 3625 1114 3700 sciliceta
1132 3629 1201 3700 mi·

203 3749 205 3756 ·
285 3736 454 3832 seriis,sc
465 3738 644 3820 Musarum
661 3741 878 3848 perfugium,
893 3744 929 3819 iu
944 3767 1014 3844 quo
1032 3757 1206 3832 veterum>
