3240 5042
263 545 365 630 sium
385 533 804 658 priucipahouorifice,
814 537 1040 661 multisque,
1053 575 1097 631 ac
1111 545 1172 642 di·

266 673 350 783 gnis
364 670 1023 780 muneribus'cxeeptus'‚coustituit,
1036 703 1117 758 rese
1131 676 1173 760 iu

265 798 526 885 humilitatem
546 795 774 902 traducens,
793 809 841 880 'et-
853 801 1018 912 pompis,
1036 825 1076 886 et
1095 801 1173 888 ele·

264 927 411 1039 gantiae
426 927 653 1011 renunciare
675 923 793 1008 seculi
810 922 1176 1016 huiuariorbitioue

265 1053 495 1170 aliquandiu
516 1073 751 1166 postergata,
768 1081 869 1167 quae
885 1054 1048 1140 maxima
1065 1085 1173 1142 meu·

264 1205 305 1270 te
325 1206 433 1267 ustos
447 1211 598 1294 semper
623 1180 822 1297 sequitur,
836 1181 937 1288 Deo,
958 1182 1175 1288 virtutique

264 1311 470 1415 serviebat,
478 1309 862 1423 arbitrabaturquese
876 1305 1033 1393 taudem
1049 1340 1097 1396 eo
1109 1343 1176 1425 ps·

267 1457 332 1520 cto
351 1433 574 1520 rediturum
595 1437 635 1518 iu
654 1464 793 1518 eorum
813 1435 994 1546 gretiam,
1014 1438 1084 1553 qui
1117 1469 1177 1524 re·

268 1586 407 1677 gerent
426 1563 727 1678 Rempublicsm
748 1562 1033 1654 Florentinum.
1060 1565 1175 1654 Nuu-

268 1723 388 1810 quam
406 1695 513 1780 euim
539 1717 688 1808 poterat
706 1725 750 1780 ea
763 1691 1175 1808 cupiditateliberari,

271 1853 373 1934 quae
405 1823 446 1908 io
481 1824 623 1936 patriae
643 1824 842 1908 caritatem
863 1821 1171 1913 accendebatur.

269 1949 348 2034 Sed
368 1952 530 2060 cognita,
551 1974 829 2066 perspectaque
851 1952 1031 2033 varietate
1052 1949 1176 2036 fortu-

268 2108 355 2182 nae,
368 2107 446 2158 nou
461 2078 608 2160 idcirco
628 2076 869 2159 desiderabat
891 2077 1030 2157 esseio
1051 2080 1173 2188 patris

265 2230 312 2290 ut
334 2202 587 2290 ulcisceretur
607 2205 791 2307 iniurias,
817 2200 995 2288 ullumve
1027 2201 1170 2314 plecte·

263 2356 349 2441 ret,
369 2331 439 2416 sed
460 2356 505 2417 ut
524 2333 611 2438 sibi,
631 2359 801 2444 suaeque
823 2330 1031 2441 posteritati
1058 2331 1165 2416 vive·

261 2484 346 2569 ret,
380 2461 531 2572 negotia
564 2460 784 2563 desereret,
818 2459 964 2542 otiosus
996 2457 1168 2548 studeret

259 2588 458 2673 literarum
481 2585 781 2673 immortalitati.
802 2587 916 2672 Hauc
930 2589 1167 2703 patrisegrs·

259 2717 353 2800 tiam
373 2714 522 2799 assidue
543 2718 729 2827 cupieos,
750 2712 883 2828 plures
902 2715 1082 2828 epistolas
1097 2750 1163 2802 ue·

256 2840 359 2926 dum
390 2839 440 2923 sd
473 2841 682 2924 nonnullos
701 2842 802 2954 misit
822 2843 952 2948 cives,
972 2872 1075 2958 quos·
1103 2846 1163 2929 iu·

259 2964 448 3079 teiiigeret
473 2970 609 3052 virtuti
630 2968 911 3077 dedicatione,
930 2970 999 3054 sed
1018 2969 1067 3054 sd
1095 3003 1163 3084 pu·

259 3097 401 3210 pulum
421 3097 678 3207 longiuscuias
697 3097 914 3182 admodum
930 3097 1045 3214 dedit
1079 3099 1161 3184 iite-

259 3254 346 3332 rss,
364 3225 510 3338 quibos
532 3222 604 3305 hoc
625 3225 780 3308 initium
811 3223 912 3333 suit,
931 3227 1041 3342 quod
1075 3258 1163 3341 pro·

259 3348 459 3461 pheticuor
479 3371 536 3432 est
568 3347 620 3429 de
652 3351 739 3434 Deo
771 3352 934 3437 verbum
957 3419 981 3461 „
1001 3347 1162 3470 Populo

254 3477 390 3582 ‘merra
409 3474 512 3590 quid
519 3476 613 3586 feci
629 3480 731 3560 tibi?
744 3541 768 3582 „
783 3479 933 3563 Verum
953 3510 1045 3564 cum
1066 3484 1162 3570 nihil

260 3603 497 3720 proficerent
516 3605 598 3687 eius
616 3606 837 3688 suavissima
859 3607 974 3690 verbs
994 3613 1032 3691 iu
1053 3607 1159 3722 iiior,

260 3763 434 3852 quorum
463 3758 569 3816 eraut
598 3731 775 3818 indurata
804 3732 945 3841 eorda,
971 3735 1158 3856 nullaque

957 3865 985 3965 4
1053 3983 1058 3994 ,
