3240 5042
283 602 458 718 gtssttisi
491 596 617 694 Amor
630 599 735 686 enim
755 594 911 690 hic-esse
932 601 1049 688 debet
1070 499 1184 693 bglla·

281 734 360 841 tia,
392 721 772 844 relaxandorumqtse
804 733 1022 818 animorum
1055 739 1189 824 inv'ett-

282 861 499 973 tusgratia.
528 857 623 946 Non
653 869 809 970 semper
841 863 982 947 amavit
1002 861 1182 949 Phoebus

275 1010 361 1100 post
374 1017 525 1076 versem
540 988 578 1070 in
594 986 748 1088 iturum
760 987 980 1100 Daphnem,
994 991 1184 1076 non.Bat·

274 1114 371 1200 chus
392 1138 480 1229 post
501 1113 726 1203 Ariadnem.
740 1166 742 1174 ·
756 1118 919 1228 Scripsit
940 1118 1084 1202 interea
1104 1145 1183 1200 non

278 1231 423 1356 peuces
443 1247 483 1328 in
504 1273 675 1330 amorem
695 1269 829 1328 versus
852 1265 1021 1328 materne
1042 1241 1185 1357 lingue,

277 1393 323 1455 ut
356 1402 405 1455 eo
424 1373 466 1472 itt
486 1373 680 1487 opusculo
707 1371 909 1458 manifesto
940 1372 1013 1484 legi
1034 1396 1181 1485 potest,

273 1497 339 1582 cui
352 1527 654 1612 cognomentum
667 1526 723 1588 est
737 1503 843 1592 Vita
854 1498 1187 1619 Nova(t).Dele-
1277 1587 1283 1604 ,

274 1648 399 1715 etatus
417 1654 473 1717 est
492 1634 597 1716 enim
613 1631 956 1717 -vehementissimo
977 1627 1183 1742 rhythmis,¹

279 1749 414 1866 qui,ut
428 1759 508 1870 ipse
522 1758 648 1866 refert,
661 1782 750 1846 ante
764 1785 881 1842 suum
897 1754 1060 1859 natalem
1075 1753 1184 1842 diem
1290 1815 1291 1818 κ

280 1906 464 1996 coepere¹¹
478 1889 519 1970 in
539 1917 656 1976 usum
677 1919 761 1974 esse
781 1917 901 1974 annos
921 1887 1072 1972 circiter
1090 1913 1182 1970 cen·

283 2012 1186 2130 tumquinquaginte,quotuminveniendorum

276 2158 452 2220 auctores
467 2143 596 2223 recitat
611 2144 780 2225 extitisse
794 2141 899 2254 epud
908 2139 1019 2223 {telos
1028 2134 1190 2228 Gnidoss

278 2289 370 2346 nem
384 2264 1187 2382 Guinzellum(t)exB0nouie'Felsina'o-‘

219 2647 223 2656 '
288 2619 293 2645 ’
319 2643 366 2734 (ι)
380 2641 430 2714 La,
442 2639 523 2711 Vita
537 2639 654 2713 Nuova
679 2639 780 2712 euna
792 2645 883 2710 storia
907 2638 1107 2726 de’giovanili
1120 2644 1184 2706 suoi

276 2748 367 2810 amori
381 2766 437 2812 eon
449 2743 579 2812 Beatriee
594 2748 626 2812 di
640 2745 729 2814 folco
743 2747 900 2824 Pertinari,
915 2746 963 2810 cui
978 2741 1185 2830 perdutamen-

278 2859 308 2913 te
319 2869 443 2927 amave,
457 2846 690 2918 fiammischiata
706 2851 842 2918 adivetsi
851 2846 1089 2936 ,componimenti
1101 2891 1112 2922 ,
1126 2841 1194 2922 che„

278 2969 330 3038 per
344 2973 405 3016 esta
420 2951 476 3034 egli
489 2974 623 3041 compote
636 3001 647 3032 ,
663 2977 678 3018 e
693 2955 795 3019 scritta
810 2973 868 3018 con
884 2962 960 3014 tutte
976 2946 1072 3038 quelle
1086 2944 1185 3012 sente-

279 3049 372 3114 ttiche
386 3055 536 3136 immagini
548 3099 559 3131 ,
573 3053 629 3119 che
654 3049 848 3120 nella'mente
870 3071 921 3115 tua
936 3050 978 3135 gii
992 3068 1083 3144 eratne
1106 3047 1186 3114 dalla

275 3149 359 3217 dolce
374 3157 505 3241 passione
520 3167 740 3242 potentemente
756 3152 946 3236 risvegliate.
1153 3153 1156 3160 '

320 3251 367 3339 (α)
383 3255 418 3317 tsi
434 3259 528 3322 coetui
537 3302 548 3334 ,
559 3257 645 3335 cioe,
660 3258 804 3322 diGuido
819 3247 998 3318 Guinicellt'
1005 3297 1017 3330 ,
1032 3248 1062 3314 fe
1077 3250 1182 3333 grandi

284 3354 359 3440 elegi
373 3358 476 3428 Dante.
488 3359 524 3422 ln
540 3378 579 3422 un
590 3358 676 3440 luogo
685 3355 827 3446 (Conviv.
835 3351 988 3444 pag.258.
999 3351 1050 3418 ed.
1064 3349 1188 3442 Zatta)

281 3458 312 3522 lo
326 3462 442 3550 appella
461 3462 588 3538 nobile,
614 3462 646 3524 in
670 3482 708 3523 tut
733 3459 810 3522 altro
824 3456 985 3522 Masst'mo
999 3455 1069 3546 (de
1086 3451 1186 3544 Eloq.

274 3584 354 3654 pag.
368 3587 418 3656 ²7·
428 3565 459 3648 ),
473 3587 521 3632 me
538 3565 588 3653 piit
598 3585 615 3628 a
626 3562 717 3646 lungo
730 3558 783 3624 nel
794 3556 997 3648 Purgatorio
1012 3555 1116 3650 (Cap.
1130 3559 1184 3626 26.

283 3689 364 3734 vers.
380 3687 431 3758 9²·
442 3666 455 3753 )
467 3714 476 3746 ,
490 3689 544 3734 ove
571 3669 666 3732 Dante
682 3665 705 3729 si
721 3660 845 3746 rellegra
861 3664 1124 3750 passionetameute
1140 3659 1190 3743 nel

282 3771 426 3850 trovatlo,
440 3772 486 3836 cui
502 3770 558 3854 egli
574 3767 687 3834 chiatus
704 3766 792 3856 padre
812 3785 889 3846 tuo,
904 3787 920 3830 e
934 3766 966 3830 di
980 3766 1049 3831 tutti
1064 3761 1104 3852 gli
1120 3761 1190 3832 altri

285 3872 364 3938 Poeti
377 3921 385 3940 .
