3240 5042
1082 431 1137 516 33

287 565 424 683 ltaque
443 593 533 648 cunt
553 557 626 673 han
659 556 709 640 de
741 567 942 650 cummuni
976 564 1190 654 calamitate
1301 645 1303 656 ,

285 716 514 801 tractaretur
534 691 595 775 vel
616 685 802 803 publice,
823 691 885 774 vel
919 694 1125 806 privatim,
1149 700 1199 783 si·

190 900 192 909 ,
284 820 446 906 multare
466 817 664 930 flagrantia
684 813 802 900 eorda
829 844 991 904 reserata
1022 849 1140 930 sunt,
1159 853 1200 916 et

287 951 495 1056 exierunt,
526 938 761 1059 erectaeque‘
796 946 959 1033 suntin
992 949 1200 1059 publicum

283 1074 489 1182 flammae,
527 1100 691 1185 coepere
715 1099 1016 1188 nonnunquam
1043 1097 1081 1158 et
1113 1107 1198 1164 saxa

286 1203 450 1311 volare,
486 1225 526 1287 et
558 1199 688 1307 faces,
713 1229 910 1316 nemoque
942 1203 1127 1314 inventus
1150 1227 1208 1292 est

284 1329 384 1417 adeo
404 1327 545 1414 infimo
562 1355 701 1440 genere
724 1351 848 1435 natus,
867 1325 968 1412 adeo
986 1327 1083 1414 vel
1072 1359 1199 1446 tnops,

286 1457 370 1546 trel
383 1459 582 1564 abiectus,
601 1456 672 1570 qui
705 1485 784 1540 non
818 1453 933 1540 aliam
965 1485 1196 1574 sequeretur

291 1588 462 1701 partium
480 1585 754 1672 factiosarum.
774 1583 853 1697 Ipsi
873 1584 1041 1708 fratres
1029 1611 1132 1672 rnter
1163 1621 1205 1676 se

292 1714 573 1819 dissentientes,
592 1713 733 1826 partim
753 1710 888 1819 Albos,
903 1713 1046 1826 partim
1060 1715 1204 1833 Nigrus

295 1843 562 1958 praeferebant
582 1827 667 1926 aliis
681 1839 1062 1957 ,deveneruntque
1051 1873 1128 1931 ram
1163 1848 1205 1932 in

257 1995 266 2077 j
296 2000 524 2054 communes
545 1968 763 2076 tumultus,
781 1992 821 2053 et
843 1970 1087 2080 particularia
1121 1972 1208 2059 vui·

298 2125 390 2180 nera
406 2161 418 2203 ,
437 2124 567 2209 neque
599 2097 699 2180 adeo
720 2094 780 2176 vel
800 2095 968 2180 Catilina
999 2098 1210 2207 Romanis,

301 2219 363 2308 vel
383 2223 540 2335 tyranni
559 2220 862 2306 Atheniensibus
892 2220 1142 2334 obfuerunt,
1161 2249 1208 2314 nt

294 2353 369 2472 qui
389 2350 558 2436 Pistorio
571 2346 737 2462 presenti
752 2373 842 2433 sunt
854 2348 1086 2440 florentinis
1100 2353 1212 2442 obes·

299 2511 339 2566 se
360 2501 589 2594 coeperant.
610 2479 665 2563 Vt
686 2478 791 2561 enim
812 2477 852 2559 iu
872 2477 1013 2590 stipula
1034 2482 1209 2570 coniecta

296 2607 487 2712 scintilta,
519 2607 550 2690 si
584 2626 703 2692 vento
736 2609 921 2713 iuvetur,
940 2606 1209 2727 sulphureque

299 2761 499 2850 pascatur,
520 2732 665 2818 multos
684 2735 763 2818 urit
782 2765 911 2844 agros,
932 2735 981 2820 ita
1003 2741 1074 2854 qui
1099 2737 1209 2824 furor

297 2868 348 2951 in·
369 2865 527 2948 iliorum
562 2886 643 2946 erat
684 2862 904 2970 mentibus,
938 2861 1208 2966 diuturnitatis

301 2994 478 3079 adhibito
498 2990 645 3096 studio,
664 2989 923 3106 factionisque
956 2994 1146 3096 suasione,
1167 2995 1208 3080 in

301 3146 453 3204 tanturn
467 3121 605 3225 crevit,
618 3141 657 3202 et
677 3145 910 3231 propagatus
922 3141 994 3226 est,
1008 3145 1051 3203 nt
1071 3105 1209 3207 ornnes

299 3250 482 3332 invaserit
513 3241 787 3351 Florentinos,
819 3275 955 3330 omnes
981 3247 1208 3356 admiserit,
1278 3353 1280 3358 Ι
1401 3337 1402 3342 ,

171 3375 174 3386 ’
222 3453 226 3460 ,
297 3365 501 3463 excluserit
523 3372 719 3458 neminem
736 3437 746 3460 .
765 3374 824 3458 lta
844 3376 919 3460 iarn
948 3407 968 3459 a
1002 3377 1213 3464 iuuenibus

299 3501 393 3588 haec
413 3500 612 3586 contentio
632 3502 672 3583 in
692 3500 857 3595 maiores
870 3501 1028 3584 devenit
1044 3527 1158 3612 natu,
1172 3532 1212 3592 et

300 3629 472 3713 averbis
505 3629 544 3714 in
580 3625 676 3712 senta
711 3651 999 3740 proruperunt.
1020 3630 1098 3716 Sed
1118 3631 1211 3720 cum
1306 3695 1308 3704 ,

302 3759 480 3842 nondum
503 3746 633 3873 perid
669 3756 852 3870 temporis
873 3779 970 3845 esset
990 3753 1137 3882 Dantes
1157 3762 1214 3845 os·

955 3895 979 4011 3
1044 3934 1047 3940 ,
