3240 5042
281 549 462 636 lannotus
477 552 631 657 Pacius,
643 544 786 636 Rullus
799 549 958 658 rossus,
974 573 1012 636 et
1024 579 1118 638 euru
1133 551 1190 638 his

283 678 460 796 plerique
475 705 580 766 extra
596 678 723 770 solum
738 678 906 790 petrium
921 680 1025 764 missi
1038 703 1143 788 sunt,
1156 678 1202 765 il·

271 803 406 921 lisque
421 808 711 918 circumscripta
732 803 841 888 statio
860 804 967 918 apud
982 805 1198 922 Castellum
1219 895 1223 910 s

277 931 409 1019 Plebis
424 935 462 1014 in
485 965 575 1046 agro
594 931 795 1018 Perusino.
815 931 868 1016 At
882 963 929 1016 ex
942 929 1051 1034 Albis
1064 935 1199 1018 Serra·

278 1091 370 1144 nam
386 1061 519 1146 exules
539 1065 644 1150 missi
661 1067 755 1146 'sunt
770 1058 954 1164 Gentilis,
968 1083 1007 1144 et
1019 1063 1199 1174 Turrisst-⁴
1221 1165 1230 1183 ρ
1265 1121 1266 1130 s

270 1179 1199 1295 .nus'Cirei,·GuidoCavalcantes‚Baseherian·

276 1319 444 1422 tuosius,
465 1315 712 1400 Baldinacius
729 1313 1003 1431 lArdinarius,
1036 1312 1196 1400 Nardus

269 1444 436 1550 Latini,
456 1445 657 1530 Girardini
689 1441 795 1528 filius
827 1440 919 1558 (r),
949 1467 994 1530 et'
1016 1442 1196 1560 plerique

225 1576 226 1579 ‘
277 1570 355 1676 alii,
376 1597 476 1687 qnos
497 1577 726 1656 enumerare
746 1570 975 1656 laboriosius
996 1575 1052 1657 est
1072 1602 1193 1686 quam

216 1709 218 1718 ⁴
278 1698 340 1784 vel
362 1699 521 1808 utilius,
544 1700 606 1784 vul
628 1700 930 1812 voluptuosius.
951 1697 1195 1821 Hoe‘consi-

272 1825 390 1936 lium,
400 1815 825 1946 Dantisque'iu'dieium
840 1859 924 1914 eam
940 1829 1093 1943 peperit
1107 1859 1198 1914 esu-.

278 1983 357 2036 sam
373 2021 385 2060 ,
404 1987 504 2068 quae
527 1988 605 2040 non
627 1957 754 2039 multo
776 1981 863 2067 post
884 1955 1040 2040 exulem
1062 1951 1195 2038 reddi·

279 2081 340 2164 dit
360 2085 490 2164 virum
512 2084 785 2186 innocentem,
804 2106 843 2164 et
863 2084 988 2164 nivem
1004 2104 1199 2193 praestan-

275 2205 497 2293 tissimum.
517 2207 620 2292 Nam
641 2237 733 2290 curn
756 2209 978 2320 nequiverit
992 2237 1070 2290 non
1086 2235 1196 2316 aegre

273 2329 375 2416 ferre
391 2337 534 2418 Dentes
548 2335 760 2451 Nigrorum
781 2333 1009 2450 andeolum,
1030 2333 1100 2448 qui
1122 2333 1199 2418 Ca-

278 2458 409 2543 rolum
431 2461 586 2547 fuerant
608 2465 647 2546 iu
671 2463 809 2546 urbem
836 2462 1062 2566 evocaturi,
1083 2462 1197 2548 cuius

279 2615 453 2672 accessus
473 2593 555 2674 siue
577 2591 684 2674 urbis
705 2590 888 2696 infamia,
909 2587 1197 2696 dedecorose

278 2960 371 3048 quali
385 2981 460 3033 sose
473 2975 557 3036 tutte
571 2967 640 3058 egli
654 2988 827 3036 aeeresrea
841 2968 931 3035 solla
952 2965 1100 3036 bellezzu
1113 2958 1188 3032 det-

282 3057 319 3124 la
332 3085 475 3150 persona
483 3116 494 3147 ,
511 3095 530 3136 e
543 3091 604 3136 ron
618 3071 661 3152 lu⁴
669 3071 832 3150 lietezza,
848 3093 866 3136 e
881 3072 1002 3160 grazia
1016 3068 1072 3134 del
1090 3067 1193 3148 vello,

280 3177 342 3226 con
359 3164 395 3229 la
409 3170 506 3256 quale
517 3171 860 3258 maraviglinsamente
871 3193 930 3237 era
940 3181 1013 3237 atto
1023 3191 1046 3234 a
1056 3167 1187 3258 guadu-

287 3269 406 3351 gnersi
420 3268 472 3356 gli
486 3270 589 3334 animi
602 3269 690 3352 delle
703 3295 863 3362 persone.

318 3367 368 3458 (r)
383 3365 554 3436 Gl'istorioi
569 3374 664 3437 nostri
679 3371 721 3454 gli
736 3378 902 3440 nominans
915 3395 972 3441 con
985 3375 1037 3462 piis
1047 3374 1192 3460 precisio-

276 3486 315 3529 ue
330 3467 459 3536 dicendo
473 3493 567 3536 estere
582 3473 653 3536 stati
667 3471 769 3543 Mass.
786 3473 962 3554 Gentile,e
978 3473 1082 3538 Mers.
1103 3472 1185 3539 Tor-

284 3565 417 3656 rigiano
430 3568 481 3636 de’
493 3568 612 3636 Cerchi
620 3618 631 3651 ,
646 3569 759 3639 Guido
778 3571 984 3651 Cavalcnnti,
1001 3573 1185 3642 Basehiera

280 3664 1187 3756 delleTosu,BaldinaccioAdimari,·eNaldodiMess.

283 3767 418 3842 Lettino
433 3771 639 3844 Glerardini
649 3824 657 3842 .
