3240 5042
1049 472 1099 522 ’Μ’

262 581 495 669 adsuerunt.
518 582 644 668 Multa
660 579 783 662 solent
797 583 1002 680 exercendi
1028 579 1166 690 ingenii

261 713 379 818 gratia
401 706 486 794 fieri
502 775 516 816 s
533 739 632 824 quae
658 707 805 814 aeliam
831 709 1018 794 admisere
1038 707 1167 790 libidi-

262 837 477 922 nem.Hoc
499 841 630 934 verius
645 860 920 944 argumentum
943 833 1051 950 quod
1073 862 1164 915 cum

259 992 341 1045 uno
361 966 488 1060 Dante
508 994 624 1048 netno
638 965 754 1048 fuerit
769 965 1046 1075 incorruptior,
1057 984 1094 1042 et
1108 961 1165 1040 in·

257 1093 470 1196 nocentior,
485 1124 601 1210 neme
618 1091 863 1194 moderatior,
877 1093 1066 1203 possimus
1087 1117 1165 1168 ma·

254 1216 394 1301 nisesm
420 1219 653 1326 coniectari,
674 1220 792 1302 solius
811 1218 918 1302 huuc
940 1216 1095 1301 virtutis
1121 1243 1164 1294 ac

252 1339 458 1428 honestatis
477 1348 646 1430 amicum
668 1349 845 1431 extitisse.
866 1345 956 1438 Nou
972 1344 1077 1425 enim
1092 1339 1162 1453 qui

251 1471 324 1554 eibi
337 1503 536 1558 summum
556 1478 705 1559 bonum
721 1475 893 1586 ingloria
914 1473 1161 1558 constituunt

254 1597 476 1706 immortali,
496 1603 711 1715 voluptates
732 1601 960 1716 praeficiunt
975 1601 1162 1698 dominas,

255 1755 593 1844 quassequantur,
606 1764 706 1849 quae
726 1733 775 1828 ad
795 1722 997 1814 inte-sittim
1013 1727 1163 1811 nos-de·

258 1854 436 1951 ducunt.
457 1859 534 1982 Sed
559 1884 601 1942 ut
623 1864 653 1943 si
674 1861 764 1974 quis
796 1859 925 1942 ebrius
944 1889 987 1940 ea
1008 1858 1164 1938 senserit

258 2011 359 2095 quae
373 1983 475 2066 dicta
495 1992 585 2068 s'unt
607 1990 790 2096 mystice,
812 1987 931 2068 bibite
947 2008 985 2064 et
1001 1983 1166 2064 inebria·

258 2110 370 2212 mini,
389 2132 428 2190 et
448 2108 606 2213 cadetis,
619 2136 657 2194 et
673 2115 851 2211 vernetis,
870 2112 1089 2192 secundum
1111 2109 1174 2218 vig

259 2237 302 2316 ni
321 2237 551 2318 suavitatem
567 2237 909 2346 interpretabitur3
932 2239 981 2316 ita
997 2229 1167 2335 Bocche·

158 2465 164 2480 ,
246 2360 335 2444 'cius
355 2365 568 2446 amantium
591 2366 767 2474 princeps
787 2363 968 2444 Beatricis
981 2343 1167 2460 amotetii,

179 2511 182 2520 ’
227 2507 230 2514 “
257 2487 443 2599 virtutis,
476 2490 665 2601 inquam,
686 2520 729 2574 ac
751 2489 1006 2576 beatitudinis
1027 2483 1180 2570 iacun-⁸

200 2685 205 2696 .
234 2611 415 2724 ‘ditate-m
428 2680 444 2718 ,Ι
459 2617 677 2701 seeundum
699 2620 822 2701 carnis
845 2616 1085 2726 voluptatem
1104 2616 1162 2696 iu·

254 2739 602 2857 dicavit(1).Recte
617 2749 733 2860 igitur
747 2747 859 2830 illud:
872 2760 1034 2829 tractant
1050 2742 1166 2825 sabri-

275 3171 277 3178 ,
296 3097 343 3188 (ι)
357 3099 414 3164 Dei
430 3097 575 3197 preeitato
588 3111 689 3162 strano
717 3099 839 3182 parere,
870 3099 933 3161 cioi
948 3142 958 3172 ‚
974 3093 1028 3160 che
1044 3091 1072 3156 la
1088 3091 1161 3160 Bea-

251 3200 325 3264 trice
353 3202 521 3274 Porsinari,
548 3211 634 3262 tanto
662 3197 810 3262 celebrata
835 3199 873 3263 da
895 3199 1043 3269 Dante,e
1074 3204 1161 3254 tauto

251 3302 345 3380 dalei
360 3298 477 3378 amata,
492 3297 566 3364 fosse
581 3323 620 3363 un
645 3321 736 3362 essere
752 3298 932 3374 fantastice,
962 3295 995 3362 fa
1023 3293 1157 3358 eziandio

250 3403 349 3482 Anton
366 3403 461 3474 Maria
478 3400 605 3464 Biscioni
618 3399 767 3462 Canonico
776 3445 786 3474 ,
802 3400 938 3462 altronde
955 3396 1150 3460 celebratissi-
1225 3411 1230 3420 ·
1255 3405 1256 3408 ’

253 3527 321 3583 mo,
335 3505 366 3568 di
381 3516 480 3590 questa
495 3501 571 3587 Imp.
589 3499 711 3564 Basilica
723 3503 752 3564 di
769 3503 957 3571 S.L01·euzo‚
974 3494 1162 3574 tnanifestato
1254 3519 1256 3524 ·

252 3605 330 3670 nella
346 3601 514 3668 Prefazione
529 3603 587 3666 alle
602 3603 687 3665 Prose
702 3602 732 3662 di
749 3603 842 3664 Dante
856 3645 865 3672 ,
880 3623 896 3659 e
910 3597 956 3660 dei
975 3598 1131 3660 Boccaccio
1146 3619 1163 3660 a

171 3745 176 3750 ·
250 3731 325 3798 pag.
339 3730 407 3796 7.‚e
423 3728 524 3795 segg„
539 3730 555 3769 e
571 3705 649 3770 nelle
666 3689 851 3770 amiotazioni
867 3702 925 3766 alia
945 3701 978 3766 V
977 3706 1028 3764 ite
1040 3726 1156 3774 numm,

256 3831 271 3872 e
287 3822 389 3896 questo
401 3828 452 3874 suo
463 3828 564 3894 parere
577 3831 635 3875 non
649 3807 755 3874 maneti
766 3806 796 3870 di
809 3803 980 3870 avvaierarc
997 3825 1051 3868 con
1067 3805 1163 3890 queiie
