3218 5064
514 435 590 520 106

439 594 576 684 potest.
598 569 736 656 Voluit
756 591 886 654 eutem
913 560 1102 678 figmento
1120 594 1215 653 usus
1234 566 1357 680 poeti·

438 727 487 783 eo
507 701 675 803 Dentes,
694 694 806 814 quod
820 693 1011 780 dormiret
1024 722 1117 778 cnm
1131 693 1225 784 haec
1240 694 1358 784 uidis-

440 856 481 909 se
498 830 603 913 visus
619 848 690 932 est,
699 855 773 938 pro
784 823 987 910 communi
1007 820 1214 908 homiuum
1228 823 1361 908 vitese

442 985 482 1038 sc
503 957 542 1039 in
565 954 743 1040 medium
775 954 936 1058 afferre,
968 952 1038 1068 qui
1059 982 1186 1068 neque
1205 963 1250 1038 e'c
1269 951 1360 1036 dor-

441 1085 591 1190 miens,
617 1106 736 1200 atque
756 1085 888 1168 animo
908 1111 1002 1168 curn
1022 1108 1122 1168 esest
1142 1081 1363 1199 quietiore,

436 1213 475 1295 in
505 1243 736 1298 communes
756 1236 796 1296 et
816 1241 1028 1325 corporum
1061 1209 1287 1316 devenerit,
1319 1233 1360 1296 et

439 1341 661 1427 animorum
687 1333 824 1447 curae,
856 1338 1006 1443 quibus
1038 1337 1288 1448 efficeretur,
1314 1364 1359 1425 ut

438 1495 582 1580 corpus
617 1469 667 1554 ed
701 1469 923 1582 voluptates
952 1464 1230 1571 inclinaretur,
1264 1495 1357 1551 cum

436 1622 570 1678 omnes
593 1600 705 1708 proni
725 1600 848 1680 simus
868 1629 888 1680 a
909 1593 1042 1681 labore
1062 1593 1111 1679 ud
1133 1593 1357 1706 libidinem,

440 1751 511 1834 pro
532 1725 679 1842 quibus
698 1758 739 1813 se
758 1711 800 1808 in
821 1723 959 1811 silvam
978 1723 1160 1810 incidisse
1172 1722 1297 1833 dicit,
1316 1747 1355 1812 et

436 1851 595 1936 animus·
608 1853 656 1936 ad
678 1885 735 1962 ee,
756 1883 857 1971 quae
877 1853 1037 1941 rationis
1047 1875 1151 1960 eunt,
1164 1850 1350 1964 dirigere·

379 1967 382 1974 ’
434 1999 524 2086 tur,
558 2012 630 2093 pro
650 2014 728 2101 qua
750 2006 925 2068 muntem
950 2011 1031 2066 esse
1064 1981 1213 2068 Phoebi
1231 1979 1355 2069 tediis

431 2133 612 2194 uirtutum
635 2111 772 2214 voluit,
785 2143 869 2228 quo
888 2109 1135 2198 sactum-esse
1155 2109 1355 2220 ostendit,

330 2297 332 2301 Α
432 2237 1352 2353 utnurnvoluptasadsetruheret‚honestescon-

434 2387 488 2448 tre
512 2395 710 2455 revocaret
731 2371 950 2482 ingenium,
973 2371 1010 2453 in
1033 2369 1238 2486 dubioque
1260 2402 1353 2484 pen·

432 2493 541 2580 deret
562 2500 754 2611 cogitatio,
783 2501 959 2586 adventu
979 2497 1100 2612 lopas
1117 2500 1235 2612 paulo
1256 2529 1353 2586 ‘mo-

434 2647 568 2708 mento
600 2629 649 2710 sit
689 2631 728 2711 in
762 2627 963 2710 meliorem
997 2652 1147 2741 partem
1183 2627 1348 2740 impulse

430 2749 654 2860 persuasore
677 2756 866 2872 Virgilio,
888 2757 1057 2862 rationis,
1078 2757 1268 2873 inquam,
1288 2761 1344 2866 vi,

426 2909 471 2962 ec
498 2883 721 2991 maiestate,
756 2910 794 2969 et
823 2887 872 2969 ita
907 2883 1092 2998 deinceps
1127 2891 1345 2998 poeneruni
1420 2893 1423 2901 ’

427 3032 550 3114 metu,
571 3015 914 3131 praemiorumque
928 3047 1010 3128 spu,
1024 3047 1067 3100 ac
1087 3015 1283 3134 desiderio
1304 3018 1345 3102 iu

427 3137 555 3221 virum
569 3142 731 3248 evadat,
752 3145 821 3260 qui
844 3146 963 3226 vitum
986 3147 1135 3258 pecoris
1156 3145 1345 3264 insterci-

425 3262 542 3350 leutio
564 3275 809 3359 transivisset.
831 3271 921 3360 Nou
943 3300 999 3358 est
1021 3275 1140 3387 igitur
1160 3271 1210 3356 de
1231 3271 1354 3380 aunis}

426 3394 519 3484 haec
545 3399 782 3516 descriptio,
815 3405 883 3489 sed
905 3405 954 3490 du
977 3407 1036 3490 via
1059 3429 1166 3492 tecte
1184 3402 1376 3493 2·intel}i'···

423 3529 544 3634 gendo
569 3536 667 3616 vitee
695 3541 869 3632 nostrae,
890 3543 934 3619 ic
960 3535 1044 3617 eius
1073 3556 1218 3650 cursu.
1241 3527 1355 3616 Edi-'³

351 3676 356 3686 ‘
421 3647 479 3739 dii
500 3686 590 3740 vero
616 3666 756 3750 Dentes
776 3689 812 3748 ct
833 3652 1054 3770 cautiones,
1069 3663 1109 3747 ⁵et
1133 3673 1351 3794 sotretfos,
