3240 5042
265 535 406 644 nullas,
421 569 442 623 e
455 541 600 658 quibus
613 536 731 622 lodie
746 535 945 625 dumtaxat
965 538 1037 625 hac
1050 541 1181 624 rasni-'-

245 701 248 712 ⁸
266 691 332 751 rur
350 698 440 751 aura
461 671 598 756 Parrus
613 669 754 771 iunior,
775 667 843 780 qui
865 697 886 750 a
907 671 1021 753 Petro
1036 668 1173 754 Dan-ris

246 798 395 905 ·prin10
428 793 510 880 lilio
543 798 699 880 nornine
731 791 1003 915 donaturam,
1035 796 1175 911 quiet

263 921 439 1032 optimus
454 927 513 1005 vir
526 950 594 1026 ear,
607 947 646 1004 ar
660 921 756 1005 civia
770 920 1040 1030 integerrimus
1053 987 1068 1027 ,‚
1085 924 1174 1038 qni·

245 1077 343 1161 ¹qna
356 1049 395 1130 in
410 1051 507 1134 urbe
522 1039 678 1134 Verona
700 1047 862 1131 maxima
876 1068 916 1130 et
929 1043 1036 1158 apud
1054 1050 1172 1153 cives,

262 1199 303 1258 er
324 1179 430 1289 apud
452 1183 672 1262 nniversam
691 1161 937 1263 venetorum
958 1179 1173 1287 rempubli-

259 1331 348 1388 cam
363 1329 402 1389 er
422 1309 649 1390 auctoritare
665 1303 780 1410 valer,
793 1324 832 1385 er
846 1303 975 1415 gratia,
988 1331 1083 1420 'quo
1101 1311 1172 1417 ago

262 1462 350 1514 aurn
366 1463 458 1517 usur
477 1465 596 1549 qnam
616 1430 922 1537 familiarissime,
935 1433 1167 1548 audivitque

262 1587 282 1639 a
304 1581 366 1642 m'e
387 1562 592 1645 nonnullas
619 1563 757 1647 Dantia
788 1561 887 1642 aravi
921 1562 980 1642 aui
1014 1585 1166 1674 parrer,

263 1713 360 1801 quaa
399 1721 500 1774 anno
538 1693 736 1804 superiore
761 1716 862 1772 anm
897 1689 1171 1798 interpretatus

266 1816 835 1934 veronae«(1),mirificeque
877 1816 981 1898 illius
1020 1841 1076 1898 ear
1116 1817 1171 1898 le-

204 1955 207 1964 '
255 1943 384 2026 arione
416 1945 653 2031 delectatus.
688 1948 751 2031 Ex
784 1947 857 2027 hoc
883 1967 1014 2026 auram
1048 1945 1164 2028 Petro

263 2065 349 2151 dun
366 2093 456 2152 snnr
483 2068 579 2176 filii,
612 2099 784 2187 quorum
810 2069 932 2151 alium
965 2068 1164 2176 Dantem,

256 2192 377 2276 aliam
414 2197 537 2281 roluir
557 2229 576 2279 a
599 2194 1063 2308 superiorum·memoria
1085 2187 1165 2280 dini

254 2321 471 2408 iacobum.
512 2325 692 2408 Divirias·
722 2353 815 2404 varo
854 2323 993 2405 Petrus
1046 2318 1163 2406 habet

248 2454 439 2561 optimas,
479 2454 585 2536 nulla
619 2455 808 2570 quaesitas
848 2447 1017 2555 iniuria,
1056 2451 1161 2536 nulla
1216 2471 1252 2488 ’“

250 2605 428 2665 retentas·
455 2583 617 2687 fraude,
662 2583 765 2666 nnlla
808 2581 970 2663 libidine
1010 2580 1159 2692 disper·

248 2739 306 2792 aas
343 2710 431 2828 (a).
462 2716 528 2798 'Er
568 2743 664 2824 curn
703 2712 797 2796 laen
835 2710 1017 2793 fortunae
1058 2709 1160 2794 bona

293 3075 341 3164 (ι)
355 3075 482 3156 Qualora
498 3097 581 3166 saper
597 3079 621 3141 ri
635 3090 749 3164 potesse
764 3072 785 3140 1’
796 3096 875 3150 anno
885 3075 1009 3162 preciso,
1024 3072 1055 3134 in
1070 3071 1118 3134 cni
1129 3065 1153 3136 il

250 3175 273 3240 F
275 3175 355 3244 ilello
364 3180 399 3252 in
412 3179 526 3242 Verona
541 3177 719 3264 interpretrrl
734 3174 763 3240 la
779 3173 992 3242 commodiani
1008 3171 1120 3248 Dante,
1130 3171 1155 3241 al

252 3277 393 3346 verrebbe
408 3298 522 3343 ancora
533 3280 565 3342 in
580 3279 753 3360 cognizione
773 3275 843 3340 dell'
853 3295 948 3362 epona
969 3273 1104 3360 precisa,
1120 3273 1151 3336 in

253 3380 301 3442 cui
316 3378 373 3463 egli
387 3383 490 3444 scrisse
505 3392 607 3467 questa
624 3380 684 3443 vita
697 3426 705 3444 .
720 3378 788 3441 Non
818 3390 934 3442 ortante
962 3373 1113 3461 rappiamo
1127 3373 1156 3439 al

246 3493 331 3547 nerto
345 3480 396 3550 ch’
406 3486 433 3547 ei
448 3485 480 3548 in
494 3481 542 3548 οἰὸ
558 3477 589 3546 lu
604 3489 767 3566 Prevennto
796 3479 827 3541 di
857 3474 981 3566 qualche
1010 3495 1088 3541 anna
1116 3477 1155 3540 da

247 3583 402 3666 Lennardo
418 3589 542 3653 Aretino
551 3631 562 3663 ,
578 3607 593 3647 e
608 3579 664 3648 che
678 3583 716 3646 da
741 3581 839 3646 anstai
862 3581 921 3662 agli
943 3591 1033 3642 trane
1047 3575 1070 3642 il
1086 3574 1158 3644 flore

245 3689 322 3764 dalle
341 3691 472 3754 notizie.
662 3765 666 3772 ι

289 3793 340 3884 (a)
356 3791 436 3858 Bella
452 3789 550 3857 arnoia
567 3811 617 3876 per
632 3787 682 3852 chi
696 3786 766 3854 vuol
792 3795 970 3863 nantenrre,
990 3785 1097 3850 intarre
1126 3781 1157 3846 le
