3240 5042
1287 234 1299 292 l

528 425 628 511 36¹

458 561 598 650 sitisset
617 565 767 672 armari,
787 559 896 679 qnod
917 562 970 647 ob
995 561 1037 647 id
1057 565 1106 649 sit
1127 539 1292 650 maxime
1313 565 1367 650 sa·

459 711 570 776 otum
583 689 694 807 quod
706 713 896 804 cuperent
909 719 955 774 ex
969 689 1066 774 urbe
1089 689 1231 802 Nigroe
1245 691 1374 806 spelle-
1423 683 1425 688 ’

460 844 516 924 re,
531 817 846 934 patelaeiuntque
867 817 978 932 quod
999 820 1241 904 instituerant
1275 809 1374 901 nibil
1441 877 1443 882 -

427 938 564 1052 esse,
596 947 678 1062 quo
716 945 842 1058 posset
876 943 980 1028 ullus
1013 948 1152 1061 queri,
1185 947 1270 1058 paci
1304 975 1372 1052 se,

457 1073 660 1190 quietique
701 1073 866 1158 voluisse
912 1074 1146 1183 consulere,
1186 1071 1371 1185 petebant
1442 1097 1443 1104 ‘

458 1227 549 1310 ergo
582 1228 627 1310 ut
660 1200 924 1313 plecterentur
958 1199 1076 1304 Albi,
1116 1201 1186 1316 qui
1225 1207 1372 1322 testere

459 1356 566 1412 arma
613 1331 896 1442 sumpsissent,
935 1328 1162 1440 cogitassent
1207 1326 1413 1444 civitatis·

326 1491 336 1500 ·
456 1458 632 1574 quietern
662 1461 922 1544 conturbare.
943 1456 1117 1544 Consule
1150 1481 1247 1542 tune
1267 1458 1370 1541 Dan·

454 1610 519 1694 te,
537 1589 728 1701 principes
759 1586 810 1669 ad
842 1617 881 1668 se
902 1577 1074 1700 primurn
1094 1583 1279 1672 accersito
1296 1581 1370 1699 po·

456 1712 578 1826 pulo,
599 1715 761 1830 eiusque
782 1712 930 1822 turbis,
956 1714 1117 1823 vigiliis,
1149 1714 1368 1798 custodiae·

455 1871 535 1956 que
569 1839 735 1926 fidentes
767 1838 920 1924 exulare
952 1843 1097 1924 iussere
1133 1836 1367 1946 nonnullos,¹

456 1966 656 2085 quotquot
678 1999 811 2054 earuur
831 1968 1043 2054 factionum
1064 1999 1144 2066 esse
1177 1965 1364 2054 viderunt

459 2093 620 2212 printos,
639 2124 683 2186 ut
702 2102 892 2214 percussis
911 2100 1143 2213 pastoribus,
1163 2100 1369 2184 universus

365 2265 369 2270 ’
455 2256 545 2338 grex
564 2226 838 2341 dissiparetur.
857 2229 995 2342 Itaque
1015 2227 1104 2313 facti
1124 2252 1215 2313 sunt
1234 2225 1366 2312 exules

390 2397 392 2412 ι
459 2384 507 2464 ex
527 2356 599 2460 iis,
619 2359 688 2471 qui
721 2388 761 2439 ae
786 2354 928 2467 Nigroe
948 2355 1198 2462 fatebantur,
1217 2356 1289 2470 qui
1310 2357 1366 2438 in·
1431 2399 1434 2407 ·
1464 2428 1469 2441 .

453 2480 639 2565 consultis
653 2483 893 2594 principibus
906 2481 1172 2568 convenissent
1187 2485 1225 2568 in
1240 2483 1380 2566 consi:
1408 2515 1410 2522 ¹

459 2606 571 2718 liuor,
586 2613 732 2698 corsus
745 2608 1009 2726 Donatus(r),
1023 2615 1167 2702 Gerius
1181 2599 1365 2728 Spinius',

453 3098 455 3103 ¹
500 2997 1364 3106 (1)Dieostnisileggeunbelloelngiolattoglidall’lm-

459 3119 569 3182 mirato
584 3114 632 3190 nel
648 3114 686 3182 Τ.
701 3135 724 3180 1.
738 3114 835 3182 Part.
850 3139 873 3186 1.
885 3139 962 3209 pag.
974 3135 1020 3182 -ar
1030 3139 1056 3182 r.
1071 3118 1104 3182 in
1119 3113 1274 3183 oocasiorte
1286 3115 1364 3182 tl'es*

192 3233 193 3240 ’
325 3299 371 3312 .,
454 3231 517 3284 sere
532 3218 771 3314 stato-preseelto
786 3221 816 3284 di
831 3223 939 3286 recarsi
953 3242 1006 3309 per
1021 3218 1089 3284 ben'
1104 3219 1183 3284 della
1209 3219 1363 3296 Patria,e

448 3319 527 3387 della
542 3319 573 3384 ‹ti
587 3317 627 3383 lei
641 3322 740 3408 quiete
753 3320 787 3412 al
802 3319 880 3386 Som.
897 3322 983 3411 Pont.
1009 3318 1161 3388 Bonilaaio
1180 3341 1261 3398 rtru,
1290 3342 1362 3409 per·

320 3472 321 3481 1
456 3421 578 3490 eiocchi
593 3445 659 3488 non
673 3443 732 3487 era
747 3444 839 3489 aomo
854 3425 889 3488 in
900 3422 1005 3511 'quelli
1020 3425 1121 3511 tempi
1136 3422 1172 3484 in
1189 3419 1362 3502 Tuscana,

317 3612 319 3615 ᾖ
455 3523 515 3590 alte
526 3522 585 3612 piri
595 3524 689 3614 fosse
703 3523 870 3614 eloquente
894 3524 932 3588 di
958 3523 1006 3590 lui
1018 3570 1028 3603 ‚
1058 3521 1099 3587 ne*
1128 3519 1186 3588 alte
1209 3525 1361 3612 maggior

436 3641 438 3646 “
455 3625 588 3714 pratioa
601 3647 712 3692 averse
726 3626 820 3718 degli
829 3624 940 3709 Stati,
954 3651 973 3694 e
986 3621 1186 3706 delleb'orti
1198 3623 1254 3690 del
1271 3646 1360 3690 mort·

457 3724 501 3790 do
509 3771 521 3804 ,
537 3715 578 3788 rae*
592 3727 627 3787 in
640 3730 693 3791 cui
707 3749 913 3797 concorrerse
927 3753 946 3797 e
957 3749 1019 3821 per
1033 3722 1183 3804 nobilrd,
1198 3747 1214 3788 e
1226 3746 1288 3816 per
1302 3747 1361 3791 co·

455 3847 491 3892 se
495 3822 594 3918 salte
607 3845 671 3892 utta
686 3829 834 3917 maggior
856 3829 1084 3922 ripataziotte,
1101 3852 1119 3896 e
1141 3821 1288 3896 autoritti
1298 3845 1312 3904 ,·
1327 3823 1361 3894 le
