3268 5058
263 573 531 696 potiusquam
563 575 603 658 in
630 600 675 656 ea
695 593 939 684 perseverent
961 463 1171 658 nobililatir

257 707 499 818 praestantia,
514 731 614 820 qnae
625 698 786 810 longam
809 700 1000 784 maiorum
1020 704 1160 787 seriem
1301 777 1324 822 s.

260 829 637 943 praeseferatllirtns
647 850 702 910 est
717 848 858 928 nostra,
868 827 1072 911 nobilitatis
1086 827 1169 914 lana

257 955 390 1041 aliena.
411 955 543 1069 ltaque
558 979 660 1036 recte
674 951 781 1065 apud
795 951 1165 1064 Senecamlegimna‚

254 1083 330 1196 qui
345 1112 464 1192 genna
476 1111 592 1164 sunm
606 1078 778 1186 laudant,
788 1077 908 1204 aliena
924 1071 1072 1165 iactant.
1087 1085 1170 1167 Suo
1196 1101 1198 1108 '

252 1209 368 1320 igitur
388 1238 549 1293 monere
570 1208 696 1292 voluit
718 1205 848 1319 Aliger
866 1206 945 1290 diei
966 1237 1068 1314 suos,
1084 1241 1162 1296 non

152 1399 159 1412 .
210 1339 213 1344 ’
253 1360 407 1448 patrum
428 1335 544 1447 gloria
566 1333 765 1420 dumtaxat
792 1333 983 1447 Elyaeoa.
1002 1335 1067 1422 Eo
1098 1367 1166 1421 au-

252 1485 333 1546 tem
353 1459 397 1546 fit
417 1463 528 1546 nobis
547 1461 791 1548 verisimilior
822 1459 915 1546 haee
938 1451 1099 1576 opinio,
1120 1489 1165 1550 nt

253 1615 393 1673 eornm
412 1590 573 1674 maiorer
604 1588 828 1676 dicerentur
862 1587 1023 1701 Elymi,
1054 1591 1166 1706 quod

252 1715 293 1800 in
316 1716 420 1802 hune
441 1747 565 1833 usqne
585 1719 693 1805 diem
712 1717 819 1832 ap'ud
842 1718 934 1802 Divi
948 1720 1053 1806 Petri
1075 1749 1181 1832 por·¹

257 1864 357 1943 tam,
380 1847 458 1961 qni¹
484 1850 592 1931 viena
623 1871 704 1953 est,
737 1877 858 1964 quem
893 1847 1000 1959 priua
1033 1847 1162 1957 ingre·
1247 1927 1250 1936 .

173 2083 174 2086 Ν
260 1967 424 2054 dinotnr
443 1978 511 2086 qni
532 2005 555 2056 e
576 1991 744 2058 mercato
771 1968 1076 2088 proficiscuntur
1103 2001 1169 2056 ve·

262 2096 335 2204 teri
350 2161 364 2204 ,
393 2096 610 2204 domorum·
635 2101 774 2213 plenos
805 2122 862 2183 est
894 2123 1047 2207 earum,
1066 2091 1168 2214 qnae

263 2246 456 2307 vorantur
474 2221 665 2336 Elyseae,
683 2225 754 2308 ubi
786 2246 825 2308 et
856 2221 1041 2306 habitarae
1073 2253 1188 2310 cons

258 2368 331 2430 atat
346 2345 677 2459 Chaociagoidnm
692 2379 785 2432 cum
803 2347 994 2453 iratribus,
1006 2370 1045 2430 et
1060 2380 1168 2460 proa-
1183 2373 1187 2400 ²

257 2501 326 2556 voa
359 2467 468 2558 antea
502 2474 670 2561 multos.
691 2471 744 2560 At
762 2475 829 2582 hi,
857 2477 928 2591 qni
962 2498 1047 2586 post
1079 2474 1167 2560 illoa

256 2602 422 2718 Aligeri
439 2601 516 2694 dini
538 2625 776 2720 coeperunt,
795 2631 858 2684 eas
878 2601 1077 2704 incoluere
1091 2603 1187 2701 do<
1242 2597 1244 2602 ¹

286 2706 288 2716 Ι
313 2695 317 2707 Ι

254 2755 337 2814 moa
349 2787 361 2840 ,
382 2733 482 2844 qnae
502 2725 609 2840 apud
631 2725 794 2840 plateam
814 2747 905 2811 sunt
921 2725 1014 2810 Divi
1029 2729 1163 2810 Marti·

254 2857 294 2944 ni
306 2921 319 2964 ,
338 2857 403 2942 etti
416 2857 467 2940 ab
479 2857 680 2967 Episcopo
694 2880 751 2941 eat
764 2876 1065 2974 cognomentum
1079 2851 1160 2970 (ι).Δ
1184 2947 1187 2952 ,

281 3203 313 3288 ·(
318 3211 349 3290 ι)
375 3201 452 3283 Qnal
474 3202 550 3269 forre
572 3207 781 3292 preeirarnente
795 3205 819 3270 il
832 3204 919 3286 luogo
933 3200 1012 3270 della
1027 3222 1077 3266 rua
1093 3202 1162 3270 alti·-¹

255 3302 384 3383 tatione,
399 3325 416 3368 a
430 3303 530 3370 chiara
546 3319 616 3371 note
644 3307 675 3372 lo
701 3312 730 3373 ei
756 3307 857 3374 addita
886 3306 1039 3371 Leonardo
1065 3305 1153 3372 Bruni

253 3421 271 3466 a
285 3423 362 3493 pag.
383 3423 430 3485 ra„
443 3405 523 3471 della
537 3407 568 3470 di
584 3405 625 3470 lui
642 3409 717 3470 rita:
729 3405 787 3471 Gli
801 3403 979 3491 Aliglaierr',
993 3404 1051 3487 oeli
1065 3406 1142 3482 dine,

254 3505 427 3571 abitarono
441 3508 477 3572 in
492 3521 529 3572 tu
544 3505 580 3572 la
595 3509 696 3595 piazza
710 3507 805 3572 dietro
818 3528 836 3572 a
847 3507 1018 3575 &Marino
1031 3505 1082 3569 del
1093 3508 1153 3572 lle-

254 3627 344 3674 roovo
357 3609 545 3692 dirimpetto
556 3610 629 3676 alla
640 3611 704 3687 via,
715 3607 773 3674 elta
789 3629 828 3676 ve
840 3630 863 3672 a
874 3625 954 3672 raro
969 3608 983 3669 ἰ
997 3603 1151 3675 Sarritor.

255 3709 299 3773 ti.
315 3711 337 3786 ll
353 3721 439 3798 poter
454 3734 510 3776 con
526 3705 658 3777 certem
675 3711 807 3799 raperlo,
818 3722 932 3777 mentre
947 3708 976 3774 la
991 3711 1153 3778 traditione
1181 3739 1185 3750 ’

152 3827 161 3834 ·
252 3807 343 3876 (lovea
358 3833 465 3882 averno
478 3815 691 3882 conservandi
703 3813 843 3899 clarend·
853 3833 940 3882 domn
952 3831 1046 3878 antor
1059 3809 1153 3880 irrata
1177 3814 1186 3834 ⁸
