3240 5042
466 591 515 674 At
530 621 673 674 amasse
688 589 798 672 iilum
813 618 859 671 eo
873 588 1022 674 facilins
1037 600 1378 711 potnirpersuade'-

465 723 494 800 ri
517 719 742 824 Bocchacio,
764 716 873 832 quod
888 742 966 802 erat
981 722 991 801 i
996 753 1059 833 pse
1074 726 1283 838 Cupidinis
1297 771 1375 821 ser-

462 877 558 954 vus,
582 849 761 960 ultroque
793 869 930 966 suapte
963 872 1096 932 natura
1126 854 1372 970 ducebatur,

462 999 505 1059 ut
519 975 860 1060 crederetVeneris
874 969 1013 1080 fitium,
1029 1007 1147 1091 quem
1163 983 1370 1075 dominum

461 1103 681 1215 delegisset,
701 1105 906 1212 imperasse
933 1106 1253 1217 quamplurimis.
1288 1123 1367 1204 Sed

460 1259 530 1340 ego
551 1243 675 1345 aeque
698 1229 937 1334 Beatricem,
957 1261 1075 1345 quarn
1097 1267 1238 1320 amasse
1258 1241 1368 1359 fingi.
1391 1232 1394 1245 ¹

461 1377 526 1435 tur
549 1357 710 1455 Danaes,
731 1353 936 1438 mulierem
957 1388 1133 1474 unquam
1156 1364 1270 1451 fuisse
1284 1379 1368 1487 opi-

455 1511 528 1560 nor
549 1477 638 1596 (r),
659 1471 702 1562 a'c
723 1482 797 1564 fnit
818 1483 1154 1603 Pandora‚‘quam
1188 1503 1368 1589 omnium

461 1607 1369 1712 Deorurnmunus'cnnsecutamesseiabuiantur

460 1760 605 1842 poetae.
621 1737 794 1844 Scripsit,
814 1737 919 1819 dicet
940 1739 1018 1843 itte,
1033 1743 1081 1824 ad
1102 1751 1263 1833 amicam
1279 1785 1370 1838 can-

462 1865 584 1940 tiones
605 1857 695 1975 (2)
717 1865 958 1972 scripserunt
974 1891 1012 1950 at
1034 1871 1173 1956 Poetae
1195 1885 1394 1991 somnia„

450 1982 727 2098 ·qiraefigurata
745 1993 889 2072 ratione
901 1997 1023 2075 maius
1036 1997 1369 2121 aliquidcomple·

460 2141 631 2197 ciuntur.
648 2119 894 2224 Scripsaruut
909 2144 947 2200 et
964 2125 1105 2206 navalia
1129 2129 1240 2239 belia,
1255 2159 1291 2217 at
1306 2167 1366 2226 ca-

458 2271 529 2320 srra
548 2246 584 2322 in
610 2242 734 2322 hostes
750 2243 963 2352 firmarunt,
977 2276 1013 2331 et
1030 2256 1220 2342 machinas
1234 2292 1365 2348 erexe-

371 2373 373 2378 ’
444 2393 546 2450 runt
565 2393 768 2478 portarurn
791 2375 972 2479 carmina,
990 2381 1135 2490 quibus
1157 2416 1361 2503 nunquam

434 2795 609 2886 ''dae'etroffl
633 2819 790 2898 trapessa
814 2830 874 2873 con
903 2797 1060 2892 silenzio,
1087 2819 1289 2892 ricordando
1315 2829 1348 2894 le

449 2909 589 2998 leggieri
599 2935 637 2984 ,e
653 2911 790 2976 tacendo
806 2909 838 2976 le
852 2917 970 3000 gravi;
987 2940 1003 2978 e
1020 2917 1093 2983 bene
1111 2926 1264 3008 aveategli
1281 2940 1359 2996 tutta

448 3011 475 3072 la
491 3014 608 3091 ragione
626 3013 655 3076 di
673 3013 719 3074 dir
732 3011 817 3075 cosi.
1012 3017 1013 3022 ’
1163 3107 1165 3114 ⁴

393 3101 394 3105 ¹
487 3113 535 3197 (1)
552 3113 619 3177 Non
646 3115 674 3175 vi
690 3116 817 3191 astato,
834 3113 889 3179 che
908 3116 929 3179 ii
945 3117 1008 3184 solo
1033 3121 1053 3184 F
1056 3123 1136 3190 ilelfo
1152 3139 1197 3191 tra
1213 3131 1253 3213 gli
1267 3138 1352 3202 ,anti-

444 3209 516 3290 ehi,
532 3237 583 3301 per
598 3227 709 3300 quanto
724 3213 743 3277 i'
755 3217 796 3278 mi
811 3219 934 3304 sappia,
949 3218 1004 3283 che
1019 3224 1110 3289 abbia
1132 3246 1235 3314 negata
1261 3233 1283 3300 l’
1294 3241 1352 3301 esi-

445 3328 544 3377 stenza
560 3311 592 3377 di
608 3315 738 3378 Beatrice
755 3317 900 3381 Portinari
910 3365 920 3396 ,
940 3320 1026 3386 eche
1050 3324 1071 3387 Ι’
1082 3329 1170 3394 abbia
1182 3335 1302 3400 creduta
1319 3361 1356 3400 un
1422 3401 1426 3406 .

441 3430 574 3495 suggetto
590 3416 701 3492 ideale‚
717 3440 732 3478 e
750 3437 807 3480 nou
826 3438 882 3480 una
898 3442 966 3484 tera
980 3419 1123 3490 feminina
1134 3421 1154 3494 .’

490 3520 539 3602 (2)
552 3517 611 3579 Tra
643 3515 670 3580 le
698 3516 772 3606 altre
803 3521 896 3598 arri,
918 3543 970 3606 per
998 3538 1109 3610 quanto
1125 3530 1154 3592 io
1169 3535 1210 3598 mi
1225 3535 1334 3599 ricordi
1344 3578 1354 3610 ,
1384 3620 1386 3624 Ι

445 3615 542 3698 quella
552 3618 631 3696 ‚pche
648 3617 813 3704 prin'cipia:
1056 3713 1057 3718 η

476 3711 505 3776 O
521 3719 571 3777 voi
586 3716 643 3778 cire
655 3739 715 3804 per
731 3719 766 3780 la
784 3722 835 3784 via
850 3721 883 3783 d'
895 3746 987 3788 amor
998 3743 1156 3814 parante,

428 3819 432 3826 '
448 3813 474 3876 ia
492 3815 576 3904 quale
593 3817 608 3879 ἑ
623 3809 767 3903 ’τίροῐῑπει
782 3819 862 3885 nella
871 3823 961 3932 (ita
973 3849 1099 3901 ¹nuova.
1140 3827 1147 3833 ’
