3240 5042
502 409 555 494 32

346 571 349 578 ’
436 567 651 630 evocarunt
683 541 732 627 arl
765 572 804 626 sc
839 539 1098 628 Cancellarios
1130 567 1294 648 omnes,
1315 565 1355 625 et

355 755 358 761 .
440 705 579 756 eornm
596 673 780 776 clientes,
802 663 973 784 ipsisque
988 669 1020 753 F
1023 669 1234 752 lorentinae
1250 669 1357 754 urbia

408 817 410 827 ’
438 833 572 886 muros
593 801 1006 910 circumscripserunt.
1034 797 1112 882 Sed
1128 797 1233 880 haud
1253 793 1357 880 tanta
1396 901 1405 906 a

438 931 603 1014 utilitate
626 932 765 1014 urbcrn
781 925 1064 1011 illarn'affeccre
1075 897 1304 1028 florentini,
1317 954 1360 1005 e·
1408 968 1416 982 ·

443 1059 620 1144 radicatis
640 1091 687 1144 ex
706 1089 844 1141 eorum
859 1058 1003 1166 campis
1019 1051 1214 1136 radicibus
1228 1050 1361 1156 malis,

306 1295 314 1302 Ι
400 1187 401 1192 ’
440 1214 589 1300 quanto
615 1186 855 1270 Florentiam
884 1183 1135 1284 detrimentO,
1156 1179 1357 1264 intestino·

404 1298 420 1402 ἵ,
435 1311 520 1429 'que
543 1315 728 1398 inccndio
761 1311 1027 1414 debilitarunt,
1048 1304 1359 1389 inflammarunt·

443 1475 523 1556 quc
543 1441 633 1558 (r).
667 1444 771 1528 Nam
803 1471 894 1524 curn
930 1441 1102 1548 primurn
1137 1411 1277 1517 exules*
1302 1429 1359 1512 illi

441 1569 659 1654 Florentiae
675 1573 746 1656 sibi
763 1567 995 1682 firmandam
1015 1592 1095 1647 esse
1128 1558 1261 1643 sedern
1295 1587 1359 1641 co

443 1726 691 1810 gnovernnt,
710 1730 754 1784 ac
773 1698 825 1781 de
845 1695 979 1780 reditu
1013 1693 1055 1776 in
1089 1689 1253 1802 patriam
1287 1683 1360 1768 de·

446 1829 713 1940 sperandum,
745 1821 951 1920 affinitates
972 1849 1063 1904 cum
1084 1815 1236 1903 civibus
1268 1810 1360 1894 Flo-

443 1959 604 2042 reminis
624 1980 876 2058 contraxere,
896 1975 1140 2061 eoepereque
1161 1945 1200 2026 in
1222 1936 1358 2024 allines

442 2091 634 2169 coniicere
657 2086 773 2169 virus.
795 2079 996 2166 Continuo
1009 2073 1153 2158 saevire
1176 2069 1355 2150 visisunt
1406 2079 1408 2084 ’

443 2211 658 2295 Florentini
678 2276 688 2316 ,
706 2235 744 2294 et
763 2235 900 2292 eorum
926 2201 1069 2285 ‘ardere
1104 2218 1278 2301 mentes3
1312 2194 1351 2274 in

175 2373 200 2434 e
414 2343 426 2452 l
444 2375 506 2424 eas
524 2343 631 2425 enirn
652 2329 895 2423 coniecerant
915 2331 1046 2416 exules
1065 2353 1149 2406 earn
1171 2346 1350 2435 pestem,
1378 2387 1388 2404 .

162 2465 164 2470 ⁵
436 2485 564 2593 'quam
597 2504 644 2554 eo
676 2464 901 2576 diligentius
938 2473 1152 2570 potuerunt
1179 2473 1356 2533 exercere

446 2603 680 2702 Florentiae,
701 2624 783 2710 quo
804 2590 964 2672 maiores
985 2581 1247 2666 stabiliveranr
1267 2575 1358 2658 a'rni·

342 2781 345 2786 ,
379 2753 380 2758 '
447 2735 580 2835 ciriae,
602 2728 917 2843 potentioresque
939 2711 1187 2799 firmaverant
1207 2734 1357 2794 manns.

389 3189 409 3202 '¹
494 3183 542 3275 (ι)
558 3185 609 3248 uei
620 3176 740 3244 tumulti
751 3220 762 3254 ,
776 3170 853 3236 delle
869 3159 1060 3237 carnificina,
1079 3153 1159 3238 degli
1183 3151 1292 3217 accessi
1312 3121 1361 3213 re·l
1443 3183 1449 3193 «
1561 3201 1562 3250 l

450 3293 524 3371 guiti
536 3309 595 3352 con
612 3281 743 3348 inaudita
762 3267 905 3358 barbariei
918 3270 949 3332 iu
965 3263 989 3327 sl
1005 3259 1079 3327 latta
1109 3251 1296 3321 lacrimevolc
1311 3252 1373 3315 cir·
1391 3333 1396 3342 .

450 3406 589 3457 costanza
606 3385 684 3462 uella
699 3392 800 3446 nostra
817 3377 904 3454 citri,
924 3389 997 3435 sono
1014 3385 1031 3428 a
1053 3363 1164 3424 vederci
1180 3358 1222 3440 gli
1246 3350 1361 3418 antichi

452 3495 546 3558 nostri
575 3488 733 3564 Cronisti,
763 3505 779 3544 e
817 3474 1025 3564 specialrnente
1056 3466 1131 3528 Dino
1170 3457 1358 3544 Compagni,

453 3593 506 3655 che
525 3615 541 3656 a
558 3604 636 3654 tutto
650 3591 674 3650 si
688 3585 773 3650 truvo
790 3589 933 3670 presente.
950 3572 1013 3634 Vna
1025 3568 1154 3654 patetica
1169 3559 1360 3632 descriaione,

455 3697 566 3760 bancho
581 3699 610 3759 di
627 3693 778 3765 moderno,
795 3706 838 3748 ma
852 3677 946 3742 ledele
958 3673 1107 3748 scrittorc,
1128 3689 1161 3732 ce
1177 3664 1206 3728 la
1221 3658 1250 3726 la
1262 3657 1360 3725 l'Am-

340 3816 345 3820 ’
457 3801 562 3860 mirato
579 3817 594 3858 a
609 3815 685 3882 pag.
707 3788 811 3879 nol-*e
829 3801 917 3868 segg.
935 3773 984 3838 del
999 3773 1035 3840 T.
1047 3795 1068 3835 1.
1087 3767 1182 3833 Part.
1199 3785 1228 3846 ι.ἱ
