3240 5042
483 589 549 652 tut
581 601 686 675 esse,
718 589 763 652 ut
795 563 845 648 de
878 562 994 648 huius
1025 509 1238 648 domestica
1257 565 1394 650 tondi·

483 697 601 803 tione,
628 698 861 812 vitaque,·ao
881 691 1056 775 motibus
1081 695 1129 776 sit
1150 691 1393 779 dicendum.

484 821 587 908 Nam
603 856 645 908 ee
660 891 671 930 ‚
685 850 786 938 quae
812 820 862 903 ad
883 849 1015 902 retunt
1044 818 1292 933 publicatum
1307 823 1396 906 atti·

487 975 583 1036 neut
624 945 912 1062 gubernacula,
947 945 1072 1032 solent
1109 977 1393 1063 nonnunquam

485 1077 717 1164 coelestibus
736 1076 824 1160 fatis
850 1079 901 1159 ita
922 1076 1028 1186 tegi,
1055 1103 1104 1174 ae„
1119 1076 1242 1178 duci,
1276 1100 1321 1160 ut
1347 1078 1387 1158 iu

478 1201 612 1291 vnostra
633 1228 819 1319 potestate
838 1234 921 1288 non
942 1207 1030 1291 sint.
1050 1202 1182 1291 Nostri
1198 1231 1291 1289 veto
1310 1233 1394 1290 mo·

484 1339 598 1420 resin
614 1360 743 1420 nostra
764 1359 855 1419 sunt
869 1365 999 1421 mauu.
1013 1337 1268 1448 Quamquam
1290 1335 1394 1417 euim

488 1493 565 1545 non
583 1461 772 1548 videtuta
788 1463 977 1547 Severioo
989 1463 1158 1576 insipide
1172 1463 1340 1566 dictum,
1353 1461 1394 1542 iu

487 1612 614 1672 uostta
643 1613 830 1700 potestate
864 1591 982 1673 situm
1010 1613 1068 1673 est
1095 1586 1250 1703 qualem
1269 1587 1394 1671 fortu-

487 1721 575 1800 'nam
603 1716 809 1824 malimus,
838 1747 1050 1832 rursusque
1078 1715 1176 1798 illud
1202 1713 1308 1827 apud
1329 1715 1395 1796 lu·

491 1842 667 1928 venalem
689 1859 864 1958 satyrum
888 1845 1069 1958 legimus:

519 2003 656 2074 Nullum
672 2005 800 2108 Numen
815 2009 919 2088 abest,
935 2012 968 2074 si
981 2014 1026 2077 sit
1038 2013 1236 2104 prudentia,
1252 2008 1311 2077 sed
1326 2021 1359 2076 te

517 2117 589 2186 Nos
594 2123 757 2211 facimus,
772 2119 932 2206 Fortuna,
948 2121 1065 2208 Deam,
1079 2120 1231 2215 coeloque
1245 2123 1401 2190 locamus:

484 2257 578 2345 haec
605 2286 733 2346 tamen
774 2270 825 2350 ita
859 2291 950 2351 suut
989 2300 1069 2352 esse
1109 2299 1199 2353 veta
1238 2295 1395 2353 censen·

484 2387 559 2494 da,
586 2413 630 2474 ut
649 2422 848 2476 summunt
871 2397 1018 2478 bonum
1052 2399 1093 2479 in
1121 2395 1200 2481 sola
1219 2392 1395 2478 honesta·

486 2541 551 2621 te,
571 2542 617 2601 ut
651 2523 789 2606 Stoicis
811 2524 967 2634 placuit,
994 2546 1218 2630 statuentes,
1243 2519 1394 2606 nullam

484 2645 720 2730 arbitremur
749 2649 1006 2738 humanatum
1040 2655 1288 2738 fortunatum
1307 2679 1396 2734 mtt-

474 2776 672 2858 ‘tationem
688 2779 739 2859 de
762 2801 893 2862 no'stro
906 2786 1120 2898 quicquam
1142 2783 1253 2866 nobis
1268 2780 1395 2864 abstu-

483 2899 582 2987 lisse.
604 2905 725 3015 Quod
743 2909 904 3020 quidem
927 2913 976 2990 ita
999 2913 1167 2993 sentiens
1187 2912 1267 3022 ipse
1287 2907 1397 2990 Dau-

483 3053 552 3137 tes,
566 3031 821 3146 philosophus
835 3039 1019 3148 optimus,
1040 3040 1179 3154 vitque
1194 3025 1393 3149 sapiintis-

482 3159 617 3267 simus,
638 3160 835 3246 fortunam
856 3167 994 3248 iniuria
1022 3165 1120 3250 dixit
1140 3167 1188 3250 ab
1214 3165 1259 3248 iis
1280 3191 1393 3248 accu-

484 3290 583 3390 sati,
617 3317 637 3370 a
674 3290 824 3410 ‚quibus
858 3293 997 3375 debuit
1030 3293 1206 3398 laudati,
1239 3293 1391 3409 quippe

473 3445 580 3528 'quae
601 3407 674 3499 Dei
697 3421 744 3500 sit
768 3419 951 3508 ministra,
979 3421 1249 3534 Quamobrem
1271 3447 1308 3506 et
1331 3424 1390 3505 in·

473 3563 538 3624 ,tet
559 3541 768 3654 fortunam,
783 3571 819 3630 et
843 3552 962 3646 fatum
992 3549 1087 3633 nihil
1118 3549 1394 3636 interesse'de·

477 3665 621 3750 clatant
643 3698 805 3780 veteres,
821 3701 859 3759 et
875 3678 1032 3762 Boetius
1047 3677 1110 3762 itte
1127 3679 1389 3768 doctissimus:
