3240 5042
507 471 518 487 «.
605 475 608 482 .
1038 491 1041 496 ,
1098 397 1154 484 85

227 627 229 632 ,
297 535 592 654 Attheniogum
612 533 727 618 inisse
753 531 936 618 Beatrici'e
956 559 1053 620 voce
1075 533 1210 648 patefit
1254 615 1257 622 .

294 673 336 758 in
355 673 436 754 eina
449 673 649 780 ingressae
662 664 813 748 Verum
835 693 895 746 tes
915 664 1076 776 ipseper
1092 696 1133 766 se
1153 666 1213 751 Ιο·
1314 753 1317 760 ⁴

291 801 451 915 quitur,
481 823 574 879 wenm
595 817 633 874 et
647 793 859 888 materiam,
880 815 919 876 et
939 790 1105 878 formam
1125 823 1211 880 mn·

288 924 377 1014 ralis
389 921 655 1041 philosophiae
669 919 753 1002 eiua
767 921 958 1030 exprimat
973 921 1111 1029 codex,
1124 953 1208 1037 pas·

287 1060 453 1161 sinnam,¹
468 1055 644 1169 inquam,
663 1072 701 1131 et
722 1048 925 1153 rationem,
947 1044 1105 1157 figurata
1133 1081 1207 1162 pm
1261 1119 1265 1127 .

287 1184 467 1296 passione
481 1181 589 1282 silva,
612 1204 653 1262 nt
674 1176 774 1261 illud
795 1175 1014 1262 imitaretur
1036 1178 1204 1291 Virgilii,

252 1383 256 1392 .
319 1321 384 1388 Grai
393 1335 502 1400 mater
516 1322 623 1390 media
638 1343 673 1388 re
689 1344 726 1387 se
740 1316 859 1386 obtulit
874 1316 969 1384 ebria
984 1318 1083 1388 silva:
1121 1373 1123 1382 ,

292 1467 366 1551 pro
386 1439 535 1522 ratione
548 1469 650 1526 ‚vero
683 1459 848 1548 accepto
869 1461 1017 1542 monte,
1036 1421 1162 1551 quem
1177 1466 1212 1518 a·

293 1567 497 1707 arentieret
512 1564 539 1676 ‚'
559 1595 603 1654 nt
623 1567 721 1652 iilud
749 1595 884 1662 rursus
905 1565 1216 1680 Maronenmae·

295 1719 507 1810 queretur,
687 1716 688 1720 ‘

596 1842 687 1910 celsa
701 1844 792 1910 redet
805 1841 837 1906 Ε
837 1847 1001 1910 altaserra

249 1969 253 1976 ·
299 2001 303 2008 ,
336 1936 477 2031 Sceptra
490 1952 619 2009 teneas.

295 2053 484 2142 Distinxit
503 2047 635 2143 autem
655 2056 755 2142 hane
788 2061 986 2144 materiam
1008 2061 1049 2140 in
1069 2049 1210 2165 triplex

293 2182 487 2293 percandi
507 2213 651 2295 genus,
677 2182 786 2300 quod
807 2179 1032 2270 Aristotelea
1060 2178 1211 2283 voluit,

292 2336 337 2392 rn
373 2310 723 2415 incontinentiam,
763 2311 1035 2414 vitiositatem,
1069 2330 1106 2395 et
1139 2307 1213 2390 im·

293 2437 684 2552 manitatem,tripliri
698 2439 869 2524 seratum
882 2437 1051 2524 adhibita
1068 2467 1140 2550 pro
1153 2433 1213 2519 itia

269 2561 430 2654 ‘forma
464 2570 572 2658 Turn
602 2597 694 2652 vero
715 2571 907 2655 virtutum
926 2598 1044 2652 omine
1065 2595 1210 2678 genna,
1252 2631 1255 2635 -

293 2714 333 2775 et
353 2695 620 2808 oppositorum
642 2698 792 2782 ratione
819 2695 1056 2804 declararit,
1083 2721 1120 2780 et
1141 2725 1210 2810 per

292 2849 351 2928 ea,
368 2844 468 2938 qnae
482 2821 534 2908 de
547 2825 803 2937 poenitentia,
821 2827 1147 2942 contritioneque,
1168 2853 1212 2908 ac
1294 2930 1296 2936 y

291 2949 456 3054 demum
487 2948 538 3036 de
571 2951 774 3040 beatorum
794 2953 893 3036 dixit
914 2952 1084 3038 coneilio
1104 2983 1143 3036 se
1159 2983 1205 3061 ¹se

293 3076 517 3188 theologum
532 3081 770 3176 deciaratum
785 3114 865 3168 esse
879 3083 1100 3170 voluitsed
1114 3113 1211 3168 cum·

291 3206 412 3300 multa
433 3211 509 3294 sint
530 3209 687 3296 dicendi
711 3240 850 3322 genera
868 3280 879 3319 ,
899 3213 967 3298 iiio
987 3217 1069 3328 ipse
1088 3214 1213 3324 magia

286 3358 348 3420 eat
362 3333 586 3443 delectatus,
601 3368 681 3454 qno
702 3340 890 3448 praestitit
912 3341 1082 3458 reliquis.
1103 3341 1211 3459 Quis

265 3518 268 3528 ·
289 3464 396 3546 enitn
417 3463 512 3550 mihi
533 3467 725 3577 poeticam
741 3449 853 3576 neget
873 3499 996 3566 omne„
1009 3471 1211 3564 scribendi

287 3622 408 3702 genus
427 3590 686 3692 antecellere?
714 3594 918 3679 Obiieiunt
941 3598 1062 3708 ignari
1090 3608 1210 3692 bona.

287 3748 376 3806 rum
398 3722 537 3835 artitttn
561 3721 698 3830 multi,
721 3721 826 3838 qumi
852 3722 943 3808 nihii
966 3711 1081 3826 saner
1100 3736 1209 3840 aliud
