3240 5042
512 415 569 518 44

439 549 547 650 inere
569 552 705 666 ingrati
726 548 941 634 Florentini
960 546 1053 664 (t),
1072 545 1143 664 qui
1164 575 1258 658 autu
1289 579 1354 636 ex·

438 677 649 790 puiernnt,
669 711 689 764 a
710 709 792 795 qun
814 676 1030 761 fuissentin
1051 705 1210 796 ornnem
1232 677 1357 764 virtu·

439 830 517 891 tem
537 805 782 914 confirmati,
802 836 921 922 qnam
950 803 1095 888 fuerint
1127 805 1169 886 in
1197 806 1353 916 Lycur-

439 964 532 1042 gum
553 932 1066 1053 Lacedaemonii‚aquihus
1086 954 1171 1016 tam.
1186 932 1357 1042 praecla-

434 1091 494 1146 ras
514 1066 751 1176 accepissent
773 1061 886 1173 leges,
908 1072 1032 1175 quem
1052 1082 1090 1143 et
1110 1059 1357 1172 expulerunt,

437 1216 477 1276 et
510 1191 708 1305 lapidibus
741 1191 893 1275 iniectis
926 1187 1044 1273 oculo
1078 1190 1356 1301 privaverunt,

296 1337 301 1348 '
435 1349 554 1432 quam
575 1319 615 1400 in
637 1316 862 1403 Africanum
879 1316 1056 1423 Romani,
1076 1316 1116 1398 in
1140 1314 1355 1424 Aahaliarn,

440 1445 480 1525 iu
502 1445 762 1530 Ciceronem.
783 1442 862 1530 Sed
883 1444 1107 1527 omittamus
1137 1444 1353 1527 eiuscemo-

437 1567 480 1650 di
495 1570 749 1678 crudelitatis,
761 1596 800 1655 et
812 1569 1099 1682 ingratitudinis
1113 1598 1260 1678 genera.
1279 1570 1354 1655 Re·

428 1696 591 1784 deatnus
609 1699 660 1783 ad
683 1701 864 1805 Dantem,
877 1724 915 1783 et
928 1697 1090 1814 quando
1104 1695 1193 1782 faeti
1208 1727 1343 1782 sumna

433 1825 784 1943 certidres',quibus
804 1829 953 1931 causis,
973 1855 1094 1942 qnam
1108 1825 1252 1943 iniquis
1265 1827 1345 1909 eie·

430 1977 519 2040 ctus
539 1958 588 2040 sit
609 1987 631 2040 e
652 1960 799 2070 patria,
820 1956 1021 2041 videamus
1055 1953 1154 2069 quid
1175 1953 1266 2040 exul
1299 1957 1349 2044 sit

429 2106 609 2192 secutus,
630 2115 714 2200 quo
734 2083 907 2185 tolerarit
920 2083 1050 2165 animo
1062 2079 1345 2170 calamitatem.

428 2211 575 2295 Imitari
595 2243 636 2295 se
655 2213 806 2326 putavit
825 2211 1012 2324 Lysiam,
1031 2209 1101 2325 qni
1121 2238 1215 2294 eum
1242 2209 1348 2297 dice·

430 2362 538 2441 retur
559 2337 842 2448 Atheniensis,
876 2339 1038 2423 minime
1072 2336 1197 2420 fuerat
1236 2355 1347 2424 natus

429 2463 608 2571 Athenis,
623 2465 1088 2584 Pythagoramquefqni,
1120 2464 1345 2550 cuiusmodi

425 2616 643 2698 vocaretur,
658 2624 736 2677 non
757 2619 855 2678 esset
870 2591 1168 2704 SamiusQnod
1188 2595 1218 2675 si
1233 2591 1345 2679 Plato
1361 2683 1367 2690 ,

290 2722 292 2734 '
425 2719 675 2804 Academiam
696 2724 920 2838 praepesnit
942 2720 1131 2830 Athenis,
1151 2751 1272 2846 quem
1305 2748 1346 2810 et

424 2844 588 2933 Polemo
606 2870 775 2958 secutus,
795 2872 834 2935 et
852 2850 1110 2988 Aenoetates,
1129 2851 1161 2934 si
1181 2849 1340 2938 videtur

277 3349 283 3362 .
422 3332 425 3341 ι
455 3297 934 3387 (1)Atuttaragioneprnrnppe
959 3311 1065 3367 contm
1088 3296 1340 3384 l’ingrataeittd

425 3398 455 3463 di
467 3400 488 3463 1²
490 3401 586 3464 irenae
602 3401 652 3465 nel
668 3400 823 3470 Cantnxv.
834 3400 1043 3494 dell’Irfferno
1054 3423 1136 3472 vers.
1149 3424 1205 3491 71·
1216 3402 1249 3466 iu
1264 3402 1333 3490 quei

432 3506 531 3581 versi,
547 3507 594 3569 nei
609 3503 689 3592 quali
704 3503 838 3570 dichiara

427 3639 431 3646 ·
634 3603 1077 3696 ingratopopelomnligno,

218 3724 225 3740 t
334 3743 336 3746 -
425 3745 431 3757 ·
455 3699 664 3771 Che'discer'e
678 3707 714 3769 di
728 3704 859 3772 Fierole
873 3707 915 3773 nb
930 3707 1063 3782 antico,

456 3799 487 3875 E
501 3803 588 3868 tiene
603 3823 703 3870 ancer
715 3794 773 3871 'del
790 3819 896 3878 mente
905 3851 917 3885 ,
934 3828 951 3873 e
966 3805 1022 3872 del
1037 3807 1216 3896 munigno.
