3240 5042
178 558 639 680 retrorsumque,
655 527 1170 643 rabuerenammobilibua

263 697 410 794 series,
451 719 534 804 quo
573 689 733 780 Divina
772 671 1048 772 Prouidentia
1080 687 1166 777 suis

260 847 446 931 quaeque
468 820 595 900 neom
614 813 844 927 ordinibus.
864 812 918 894 lta
939 807 1007 919 fit,
1029 834 1072 894 ut
1098 811 1170 925 qui

256 943 331 1028 rub
351 941 425 1028 hoc
447 967 504 1026 est
524 909 634 1026 coelo
654 966 793 1046 natur,
813 964 881 1024 aut
901 936 983 1044 illo,
996 967 1170 1024 necessa-

256 1072 322 1154 ιὶο
330 1095 498 1186 nequeat
519 1094 584 1160 aut
604 1070 739 1156 melior
754 1100 858 1174 esse,
869 1091 935 1153 aut
955 1067 1081 1180 peior
1099 1065 1170 1154 sed

257 1197 305 1281 ad
322 1197 408 1305 hoc,
422 1198 570 1280 illudve
586 1199 737 1306 melius,
750 1175 930 1282 minusve
944 1196 1095 1281 bonum
1111 1197 1170 1276 iu-

257 1324 450 1430 clinetor,
477 1349 514 1416 at
536 1328 653 1438 possit
673 1351 714 1412 et
735 1325 873 1433 ditior5
898 1347 937 1408 et
957 1322 1168 1436 pauperior

257 1450 367 1570 lieri.
387 1455 530 1569 Neque
544 1479 736 1566 praeterea
752 1483 829 1537 oon
851 1477 908 1538 eut
927 1449 1170 1536 censendum

122 1643 128 1670 2
257 1584 368 1700 quod
388 1585 495 1695 apud
518 1585 667 1671 Divum
690 1581 954 1696 Augustinum
975 1579 1163 1690 legirupa,

255 1703 378 1794 solere
404 1713 538 1796 Deum
561 1711 703 1824 angelis
718 1715 774 1795 uti
796 1707 919 1816 malis,
938 1707 1087 1790 nedum
1113 1704 1165 1786 ad

239 1837 505 1949 puniendum
521 1842 654 1948 malos,
668 1865 713 1926 ut
727 1845 765 1923 in
784 1835 1167 1954 RegeAehab‚quem

143 2052 146 2059 ¹
253 1965 422 2050 fallaciae
443 1973 599 2081 spiritus
618 1969 775 2053 seduxit
797 1992 841 2051 ut
860 1967 1014 2051 caderet
1027 1965 1067 2044 in
1082 1959 1163 2042 bel-

257 2089 369 2201 lum,
387 2097 455 2178 sed
470 2097 518 2180 ad
533 2097 781 2210 temptandos
795 2097 933 2201 honos,
952 2118 997 2177 ot
1017 2094 1057 2173 io
1078 2091 1164 2194 lob,

257 2248 395 2334 quem
399 2247 456 2307 tot
470 2227 703 2338 ,tantisque
722 2225 913 2336 oppressit
939 2219 1163 2304 calamitati

258 2345 335 2430 bus
362 2372 406 2432 nt
426 2352 659 2463 probaretur
679 2351 913 2436 tolerantior.
946 2349 1033 2436 Nisi
1054 2331 1160 2439 enlm

258 2471 353 2560 haec
373 2508 414 2560 se
436 2482 527 2562 viris
547 2482 763 2565 obiicerent
778 2508 921 2593 ‚quae
943 2474 1159 2564 constantia

255 2601 481 2702 diceretur?
508 2639 609 2723 quae
638 2601 870 2696 tolerantia?
895 2635 997 2753 qnae
1019 2589 1166 2716 patieu

255 2735 339 2816 tia?
370 2713 556 2848 Prospera
589 2738 699 2852 aequi
736 2766 872 2856 ornnes
907 2735 1061 2840 sciunt,
1095 2731 1164 2823 red
1199 2810 1201 2818 s

253 2857 293 2941 in
331 2858 569 2946 advertisse
602 2867 729 2970 tueri,
761 2875 940 2982 scireque
979 2861 1165 2951 adversus

252 2988 453 3106 aaevientia
486 2992 674 3101 impetum
710 2990 899 3104 procellae
939 3007 982 3074 ιιι
1015 3003 1165 3103 regare,

253 3113 336 3196 imo
367 3119 515 3228 regenti
549 3119 816 3232 obtemperare
838 3117 1042 3218 fortunae,
1063 3115 1104 3205 id
1127 3148 1166 3208 ιν

252 3273 302 3354 go
339 3253 539 3330 summum
571 3279 652 3330 esse
684 3249 851 3352 arbitror
883 3249 1038 3335 virtutis
1078 3276 1165 3339 mu·

251 3399 351 3478 nus,
373 3374 675 3488 periculumque
702 3378 962 3486 constantiae.
984 3375 1163 3466 Artaxer,

249 3529 339 3610 xes,
366 3502 508 3586 Darius
526 3569 537 3610 ,
557 3501 717 3620 Cyrus,
739 3501 933 3609 Annibal,
953 3503 1163 3614 Pompeiam

250 3629 422 3734 reconda
441 3654 543 3725 recte
572 3629 829 3746 usilouuua,
862 3625 1065 3748 atati'orfliu
1097 3627 1182 3725 rus
