3268 5058
302 511 304 522 .
1071 459 1112 514 tt

147 621 157 680 Ἴ·
266 585 418 652 veteres
437 594 589 682 semper
604 568 643 650 in
658 589 858 680 promptu,
879 593 924 654 nt
946 567 1007 653 vel
1029 569 1101 682 ipsi
1117 599 1176 652 re·

269 727 333 808 ges
352 721 541 808 cuperent
560 693 663 780 filios
695 697 749 780 sic
781 729 864 778 esse
884 699 1104 804 institutos,
1138 721 1183 784 ut

267 826 308 906 in
331 849 540 940 utramque
560 823 755 908 fortunam
779 848 904 935 esseut
927 827 1151 937 paratissimi
1168 845 1189 929 ,¹

269 983 344 1037 nec
365 955 495 1036 minus
516 955 676 1038 adversa
698 945 868 1065 perferre
890 955 1031 1068 scirent
1061 977 1183 1070 quam

268 1081 452 1166 secundis
472 1082 670 1194 exultare.
691 1083 878 1190 Legimus
908 1083 1023 1195 igitur
1042 1105 1082 1164 et
1103 1080 1185 1192 Cy-

271 1237 361 1293 rum
381 1213 585 1296 Persarum
610 1240 753 1322 regem,
767 1234 804 1292 et
819 1208 1085 1294 Alexandrum
1101 1209 1186 1292 Ma·

187 1325 191 1344 ⁸
272 1335 461 1420 cedonem
478 1402 489 1442 ,
509 1351 548 1420 et'
570 1349 742 1420 nostrum
765 1340 972 1423 Caesarem
1006 1333 1192 1418 docti'ssi·'

272 1493 357 1548 mos
376 1467 557 1569 extitisse,
570 1467 895 1583 consuevisseque
909 1467 1102 1550 llomaoos
1117 1479 1186 1546 nc·

273 1592 374 1677 dum
388 1591 477 1676 filiis
492 1623 701 1706 procurare
715 1595 955 1698 doctrinam,
975 1595 1044 1676 sed
1066 1593 1184 1676 servis

273 1724 391 1836 ipsis,
413 1753 584 1839 quorum
607 1721 779 1806 indolem
800 1727 1049 1842 intuerentur
1080 1723 1186 1830 inge·

273 1881 418 1937 uuam.
439 1853 546 1961 Ergo
559 1853 760 1934 etDantes
773 1851 988 1934 admodum
1011 1869 1108 1962 puer
1128 1859 1194 1932 est*

278 1973 473 2086 praesecto
494 1977 669 2059 litterarii
691 1976 780 2061 ludi
797 1975 1120 2081 commendatus,
1141 1998 1186 2059 ut

280 2131 360 2184 noo
375 2092 501 2186 solum
515 2133 637 2220 equos
651 2103 764 2208 alere,
779 2130 844 2188 aut
857 2136 968 2188 canes
982 2103 1029 2186 ad
1047 2134 1186 2192 venatu

274 2229 376 2314 dum
398 2235 524 2338 sciret,
544 2257 610 2315 aut
631 2241 738 2338 arcu,
761 2237 1032 2344 scorpionem,
1054 2263 1097 2315 ac
1117 2265 1182 2316 eu·

149 2469 152 2476 ¹
273 2381 380 2462 se,et
397 2357 572 2442 hastauti
590 2359 814 2442 adomncm
831 2357 1033 2441 militarem
1058 2359 1183 2441 medi·
1311 2443 1320 2450 ,

276 2489 478 2591 tationem,
493 2488 655 2602 quod'et
671 2484 1022 2596 Parthenopaeum,
1035 2509 1071 2568 et
1086 2486 1187 2600 Hip-

274 2614 457 2730 polytum
474 2617 645 2699 referunt
661 2615 860 2720 factitasse,
875 2615 942 2698 sed
961 2640 1001 2699 ut
1019 2641 1185 2728 praesta·

264 2768 333 2826 ret
350 2746 507 2843 urbanis
521 2741 872 2861 artibus,fierctque
887 2745 1097 2859 aliquando
1111 2745 1184 2828 im·

274 2872 516 2956 mortalitatis
535 2901 688 2958 custos.
710 2874 859 2984 Quales
880 2877 983 2956 enim
1006 2875 1082 2956 sint
1111 2872 1181 2978 illi,

274 2999 421 3112 quibus
441 3025 497 3083 est
519 3001 715 3084 literarum
738 3003 907 3111 cognitio
939 2999 1042 3082 nulla
1059 3067 1069 3102 ,
1089 3001 1183 3081 inde

273 3129 448 3236 cognosci
468 3153 593 3238 potest
607 3128 713 3242 quod
731 3127 905 3212 doctrina
921 3127 1181 3212 Lacedaemo·

203 3251 205 3256 ’
275 3257 360 3338 nios
394 3256 640 3360 nobilitavit,
678 3257 931 3342 Athenienses
948 3257 1180 3364 stabilivit,

275 3382 460 3466 Romanis
481 3384 691 3496 imperium
726 3385 827 3468 orbis
862 3383 1047 3469 tradidit.
1069 3371 1180 3467 Vivi-

276 3515 367 3636 mus
383 3510 557 3596 homines
572 3509 670 3596 hauc
685 3509 870 3622 fragilem,
884 3537 921 3594 et
938 3513 1183 3622 corruptissi-

276 3665 378 3724 mam
420 3665 631 3752 corporum
671 3645 816 3745 vitam,
849 3665 887 3726 et
922 3640 1071 3725 tamdiu
1114 3671 1185 3727 nos

274 3765 414 3854 vixisse
432 3766 648 3857 dicendum
679 3792 763 3877 est,
797 3757 1005 3886 quamdiu·
1024 3757 1196 3856 futurae'
