3218 5064
453 585 543 639 mut
561 553 646 674 (ι).
668 557 753 643 Cur
774 553 848 638 hoc
869 583 967 664 opus
984 574 1065 635 tam
1086 547 1267 656 celebre,
1287 573 1367 633 tam

449 683 600 768 illustre
622 715 697 768 non
713 685 882 766 ediderit
899 711 1053 763 romana
1067 679 1211 790 lingue,
1232 681 1374 790 siquis

458 791 603 919 instet?
631 816 699 929 qui
721 815 793 896 sibi
817 811 1070 915 neil'eenseat
1099 811 1188 890 satis
1208 837 1290 887 esse
1311 835 1371 886 re·

451 933 652 1053 spotisutn,
672 927 800 1027 videat
821 943 906 1028 eius
926 937 1100 1043 initium,
1121 966 1205 1050 quo
1224 961 1371 1045 eggres-

456 1098 521 1152 sus
540 1096 598 1155 est
620 1068 717 1154 hanc
739 1067 954 1152 materiem:
1292 1073 1302 1096 '

504 1451 557 1538 (¹)
571 1435 598 1516 Ε
611 1462 689 1517 *ῑῦῑο
702 1449 807 1526 detto,
832 1469 916 1516 come
938 1465 1056 1512 essessa
1072 1467 1132 1512 uno
1157 1445 1292 1510 scrittote
1308 1457 1376 1502 mo·

463 1547 554 1618 demo
565 1573 626 1618 non
637 1554 785 1628 Toscano,
794 1549 985 1614 rilevandone
1000 1547 1032 1632 di
1046 1569 1107 1612 esse
1123 1541 1261 1612 centiche
1275 1539 1299 1605 il
1314 1558 1377 1602 ma-

461 1646 504 1726 le,
520 1651 654 1717 eilbene
666 1698 676 1730 ,
691 1651 745 1716 che
761 1654 792 1715 in
810 1673 870 1714 esse
901 1651 932 1714 vi
960 1651 984 1712 si
1011 1642 1137 1732 leggot'to
1162 1655 1283 1710 sovente
1312 1661 1376 1712 cose

462 1749 660 1830 inverisimili,
674 1776 690 1815 e
705 1765 817 1835 strane3
833 1750 889 1817 che
901 1752 928 1817 le
945 1750 1096 1835 immagini
1106 1770 1177 1816 sono
1187 1745 1313 1812 talvolta
1327 1741 1376 1806 del

460 1863 542 1916 tutto
555 1865 661 1918 contro
672 1867 776 1918 natura
789 1879 799 1937 ς
815 1852 864 1918 ch’
875 1851 902 1917 ε’
915 1850 945 1918 fa
960 1853 1076 1941 perlate
1093 1839 1218 1934 Virgilie
1240 1849 1272 1912 in
1286 1846 1376 1910 modo

466 1955 832 2022 cuieertononaverebbe
852 1957 966 2040 volut03
978 1956 1034 2022 che
1049 1953 1142 2020 molto
1161 1956 1192 2017 vi
1212 1949 1291 2015 badi
1309 1947 1376 2012 len-

467 2058 557 2141 guido
565 2104 577 2136 ‚
597 2082 613 2121 e
629 2056 684 2123 che
698 2059 729 2124 di
745 2058 845 2124 alcuni
859 2061 941 2124 canti
955 2079 1070 2146 appene
1086 2061 1110 2124 si
1126 2056 1186 2146 puel
1203 2065 1332 2120 sostener
1350 2047 1379 2112 la

469 2159 602 2243 lettura;
617 2157 693 2224 chei
706 2163 781 2225 versi
797 2159 897 2226 hanno
912 2182 1010 2248 spesso
1024 2158 1072 2224 un'
1085 2157 1258 2226 insoffribile
1273 2157 1378 2222 dures-

472 2284 529 2340 za,
550 2258 637 2325 eche
653 2261 681 2325 le
693 2266 767 2326 rime
790 2285 851 2329 non
866 2285 932 2327 rare
949 2263 1027 2328 volte
1043 2284 1117 2329 sono
1132 2260 1193 2329 cosi
1210 2259 1340 2335 forzete,
1365 2279 1382 2318 e

470 2376 583 2441 strene,
598 2363 693 2428 chesi
707 2365 898 2432 destanoalle
913 2366 983 2450 τίεις
998 2363 1053 2430 che
1068 2370 1099 2432 in
1111 2386 1221 2431 somma
1234 2363 1327 2426 Dante
1340 2357 1380 2426 ha

468 2485 531 2532 nen
546 2463 634 2553 pochi
643 2511 655 2552 ,Ι
670 2489 686 2530 e
701 2489 762 2533 non
777 2468 906 2552 leggieti¹
917 2466 1039 2546 distiti,
1055 2465 1110 2534 che
1125 2470 1163 2534 da
1178 2470 1252 2532 niun
1271 2484 1381 2540 uomo,

468 2568 493 2634 il
521 2567 609 2656 quale
640 2589 701 2634 non
730 2573 772 2636 sia
798 2575 885 2658 privo
916 2571 947 2636 di
982 2571 1061 2636 buon
1092 2592 1199 2649 sensu,
1232 2580 1382 2656 pottttnno

378 2735 383 2759 ι
472 2671 611 2750 giammai
631 2673 777 2738 seusarsi.
807 2673 859 2737 Ma
870 2719 881 2749 ,
903 2675 934 2736 in
964 2693 1065 2738 mezzo
1080 2693 1098 2737 e
1112 2672 1184 2737 tutti
1213 2671 1308 2757 questi
1336 2669 1385 2732 di-

469 2769 561 2850 festi,
576 2795 647 2838 .non
670 2777 817 2860 possiamo
832 2797 850 2838 a
866 2796 953 2841 meno
969 2777 1000 2840 di
1016 2796 1075 2840 non
1097 2777 1278 2839 riconoscere
1294 2773 1326 2835 in
1341 2771 1384 2834 lei

468 2871 525 2938 tali
540 2875 642 2960 pregi,
663 2873 719 2939 che
733 2875 856 2938 sarebbe
870 2897 890 2939 a
906 2877 1040 2942 bramare
1056 2877 1087 2940 di
1103 2873 1215 2939 vederli
1229 2871 1275 2936 ιη’
1287 2875 1382 2938 nostri

470 2979 553 3062 poeti
567 2976 618 3064 pit
639 2999 738 3066 spesso
754 2976 810 3042 che
825 2999 883 3044 non
900 2981 926 3042 si
942 2999 1083 3062 veggono.
1105 2980 1170 3043 Vna
1195 2976 1383 3041 vivacissima

469 3075 620 3158 fantasia,
635 3102 676 3143 uu
692 3083 817 3162 ingegno
829 3094 938 3157 acuto,
955 3101 1013 3145 uno
1026 3080 1093 3145 stile
1105 3101 1121 3146 a
1133 3079 1250 3166 quando
1262 3099 1278 3141 a
1289 3101 1386 3165 quan-

471 3181 511 3244 do
525 3179 672 3259 sublime,
687 3184 819 3269 petetico
834 3229 845 3260 ,
860 3183 1017 3264 energico,
1035 3181 1089 3248 che
1106 3183 1130 3244 si
1144 3181 1255 3246 solleva
1270 3227 1280 3259 ,
1306 3205 1322 3243 e
1335 3201 1385 3244 re-

470 3283 563 3370 pisce,
578 3287 730 3369 immagini
741 3283 933 3372 pittoresche,
949 3281 1105 3348 fortissime
1116 3285 1262 3346 invettive
1271 3331 1281 3362 ,
1299 3285 1386 3346 tratti

473 3389 577 3462 teneri,
592 3410 608 3450 e
622 3390 794 3473 passionati,
807 3389 847 3450 ed
862 3388 930 3450 altri
946 3387 1125 3468 somiglianti
1139 3389 1317 3462 ornamenti,
1330 3410 1389 3453 ou-

472 3489 508 3548 de
525 3492 541 3550 ὲ
557 3488 681 3572 fregiato
705 3502 808 3577 questo
824 3510 952 3576 poema,
980 3509 1052 3550 sono
1070 3511 1106 3550 uu
1125 3489 1180 3568 ben
1197 3487 1388 3554 abbondante

472 3611 628 3676 compenso
638 3592 682 3656 de'
694 3591 836 3670 disetti,e
853 3591 930 3656 delle
948 3589 1079 3654 maechis
1090 3636 1099 3666 ,
1112 3589 1166 3654 che
1183 3591 1213 3652 in
1229 3613 1289 3651 esse
1305 3589 1390 3654 Can-

472 3691 551 3754 tiele
566 3693 588 3754 si
604 3697 800 3759 incontrauo.
818 3697 840 3757 E
858 3698 905 3759 voi
920 3695 1074 3757 detrattori
1091 3697 1168 3758 omai
1184 3705 1303 3769 tacete,
1320 3695 1358 3760 ed

459 3835 463 3843 -
509 3793 1027 3882 Ottetatel‘altissitnoPoeta.
1070 3856 1075 3874 ,
1155 3861 1158 3870 ,
