<?xml version="1.0" encoding="UTF-8"?>
<!DOCTYPE html PUBLIC "-//W3C//DTD XHTML 1.0 Transitional//EN"
    "http://www.w3.org/TR/xhtml1/DTD/xhtml1-transitional.dtd">
<html xmlns="http://www.w3.org/1999/xhtml" xml:lang="en" lang="en">
 <head>
  <title>
</title>
<meta http-equiv="Content-Type" content="text/html;charset=utf-8" />
  <meta name='ocr-system' content='tesseract 3.04.00' />
  <meta name='ocr-capabilities' content='ocr_page ocr_carea ocr_par ocr_line ocrx_word'/>
</head>
<body>
  <div class='ocr_page' id='page_1' title='image "./vitadantisaligh01filegoog_0159.png"; bbox 0 0 3218 5064; ppageno 0'>
   <div class='ocr_carea' id='block_1_1' title="bbox 419 425 1345 1142">
    <p class='ocr_par' dir='ltr' id='par_1_1' title="bbox 419 425 1345 1142">
     <span class='ocr_line' id='line_1_1' title="bbox 490 425 566 512; baseline -0.026 -1"><span class='ocrx_word' id='word_1_1' title='bbox 490 425 566 512; x_wconf 77' lang='lat'>108</span> 
     </span>
     <span class='ocr_line' id='line_1_2' title="bbox 421 533 1333 682; baseline -0.008 -31"><span class='ocrx_word' id='word_1_2' title='bbox 421 533 693 680; x_wconf 84' lang='lat' dir='ltr'>ticinuoepit,</span> <span class='ocrx_word' id='word_1_3' title='bbox 725 585 770 648; x_wconf 95' lang='lat' dir='ltr'>ut</span> <span class='ocrx_word' id='word_1_4' title='bbox 800 560 885 644; x_wconf 80' lang='lat' dir='ltr'>eius</span> <span class='ocrx_word' id='word_1_5' title='bbox 910 561 1141 682; x_wconf 81' lang='lat' dir='ltr'>iuterpretur</span> <span class='ocrx_word' id='word_1_6' title='bbox 1174 587 1333 644; x_wconf 83' lang='lat' dir='ltr'>versum</span> 
     </span>
     <span class='ocr_line' id='line_1_3' title="bbox 422 719 1345 912; baseline -0.001 -26"><span class='ocrx_word' id='word_1_7' title='bbox 422 719 584 889; x_wconf 56' lang='lat' dir='ltr'>londdduis</span> <span class='ocrx_word' id='word_1_8' title='bbox 597 819 737 912; x_wconf 80' lang='lat' dir='ltr'>superis,</span> <span class='ocrx_word' id='word_1_9' title='bbox 754 816 870 900; x_wconf 83' lang='lat' dir='ltr'><em>Amor,</em></span> <span class='ocrx_word' id='word_1_10' title='bbox 884 827 936 884; x_wconf 77' lang='lat' dir='ltr'>est</span> <span class='ocrx_word' id='word_1_11' title='bbox 948 815 1150 908; x_wconf 81' lang='lat' dir='ltr'>datasurtit</span> <span class='ocrx_word' id='word_1_12' title='bbox 1163 813 1207 883; x_wconf 80' lang='lat' dir='ltr'>at</span> <span class='ocrx_word' id='word_1_13' title='bbox 1220 821 1345 896; x_wconf 79' lang='lat' dir='ltr'>armis,-</span> 
     </span>
     <span class='ocr_line' id='line_1_4' title="bbox 450 919 1238 1014; baseline -0.004 -24"><span class='ocrx_word' id='word_1_14' title='bbox 450 921 543 991; x_wconf 79' lang='lat' dir='ltr'><em>Solis</em></span> <span class='ocrx_word' id='word_1_15' title='bbox 555 934 592 990; x_wconf 72' lang='lat' dir='ltr'>&#39;ut</span> <span class='ocrx_word' id='word_1_16' title='bbox 606 921 763 991; x_wconf 77' lang='lat' dir='ltr'>assiduus</span> <span class='ocrx_word' id='word_1_17' title='bbox 777 919 934 1014; x_wconf 74' lang='lat' dir='ltr'>splendor</span> <span class='ocrx_word' id='word_1_18' title='bbox 948 919 991 986; x_wconf 85' lang='lat' dir='ltr'>ab</span> <span class='ocrx_word' id='word_1_19' title='bbox 1006 941 1063 987; x_wconf 82' lang='lat' dir='ltr'>ore</span> <span class='ocrx_word' id='word_1_20' title='bbox 1077 920 1145 986; x_wconf 82' lang='lat' dir='ltr'>ruit</span> <span class='ocrx_word' id='word_1_21' title='bbox 1158 921 1238 1007; x_wconf 84' lang='lat' dir='ltr'>(t).</span> 
     </span>
     <span class='ocr_line' id='line_1_5' title="bbox 419 1023 1335 1142; baseline -0.002 -32"><span class='ocrx_word' id='word_1_22' title='bbox 419 1025 463 1112; x_wconf 90' lang='lat' dir='ltr'>ln</span> <span class='ocrx_word' id='word_1_23' title='bbox 497 1057 575 1142; x_wconf 89' lang='lat' dir='ltr'>qua</span> <span class='ocrx_word' id='word_1_24' title='bbox 597 1025 784 1130; x_wconf 81' lang='lat' dir='ltr'>mirabili,</span> <span class='ocrx_word' id='word_1_25' title='bbox 803 1051 842 1110; x_wconf 82' lang='lat' dir='ltr'>at</span> <span class='ocrx_word' id='word_1_26' title='bbox 862 1023 1128 1138; x_wconf 82' lang='lat' dir='ltr'>philosophica</span> <span class='ocrx_word' id='word_1_27' title='bbox 1147 1046 1208 1111; x_wconf 81' lang='lat' dir='ltr'>est</span> <span class='ocrx_word' id='word_1_28' title='bbox 1241 1056 1335 1112; x_wconf 81' lang='lat' dir='ltr'>usus</span> 
     </span>
    </p>
   </div>
   <div class='ocr_carea' id='block_1_2' title="bbox 351 1149 1379 2284">
    <p class='ocr_par' dir='ltr' id='par_1_2' title="bbox 351 1149 1379 2134">
     <span class='ocr_line' id='line_1_6' title="bbox 417 1149 1336 1270; baseline 0.001 -32"><span class='ocrx_word' id='word_1_29' title='bbox 417 1153 733 1266; x_wconf 85' lang='lat' dir='ltr'>comparatione,</span> <span class='ocrx_word' id='word_1_30' title='bbox 755 1175 798 1235; x_wconf 91' lang='lat' dir='ltr'>ut</span> <span class='ocrx_word' id='word_1_31' title='bbox 818 1150 1160 1270; x_wconf 83' lang='lat' dir='ltr'>quemadmodum</span> <span class='ocrx_word' id='word_1_32' title='bbox 1178 1149 1236 1239; x_wconf 86' lang='lat' dir='ltr'>sul</span> <span class='ocrx_word' id='word_1_33' title='bbox 1256 1154 1336 1239; x_wconf 87' lang='lat' dir='ltr'>urit</span> 
     </span>
     <span class='ocr_line' id='line_1_7' title="bbox 351 1277 1338 1390; baseline 0.001 -26"><span class='ocrx_word' id='word_1_34' title='bbox 351 1323 354 1330; x_wconf 48' lang='lat'><strong>⁴</strong></span> <span class='ocrx_word' id='word_1_35' title='bbox 420 1306 561 1372; x_wconf 80' lang='lat' dir='ltr'>tetram</span> <span class='ocrx_word' id='word_1_36' title='bbox 582 1284 662 1374; x_wconf 84' lang='lat' dir='ltr'>suis</span> <span class='ocrx_word' id='word_1_37' title='bbox 696 1277 835 1386; x_wconf 79' lang='lat' dir='ltr'>radiis,</span> <span class='ocrx_word' id='word_1_38' title='bbox 856 1309 900 1364; x_wconf 85' lang='lat' dir='ltr'>ac</span> <span class='ocrx_word' id='word_1_39' title='bbox 920 1287 996 1362; x_wconf 76' lang='lat' dir='ltr'>sata</span> <span class='ocrx_word' id='word_1_40' title='bbox 1016 1279 1165 1386; x_wconf 77' lang='lat' dir='ltr'>nutrit,</span> <span class='ocrx_word' id='word_1_41' title='bbox 1184 1280 1236 1365; x_wconf 90' lang='lat' dir='ltr'>ita</span> <span class='ocrx_word' id='word_1_42' title='bbox 1255 1283 1338 1390; x_wconf 78' lang='lat' dir='ltr'>Vu-</span> 
     </span>
     <span class='ocr_line' id='line_1_8' title="bbox 422 1403 1336 1520; baseline 0.004 -30"><span class='ocrx_word' id='word_1_43' title='bbox 422 1439 496 1491; x_wconf 88' lang='lat' dir='ltr'>nus</span> <span class='ocrx_word' id='word_1_44' title='bbox 517 1407 759 1520; x_wconf 79' lang='lat' dir='ltr'>Cupidinem</span> <span class='ocrx_word' id='word_1_45' title='bbox 786 1429 921 1518; x_wconf 84' lang='lat' dir='ltr'>cogat,</span> <span class='ocrx_word' id='word_1_46' title='bbox 939 1428 977 1489; x_wconf 86' lang='lat' dir='ltr'>et</span> <span class='ocrx_word' id='word_1_47' title='bbox 996 1403 1213 1490; x_wconf 85' lang='lat' dir='ltr'>homiuum.</span> <span class='ocrx_word' id='word_1_48' title='bbox 1225 1435 1336 1494; x_wconf 79' lang='lat' dir='ltr'>urere</span> 
     </span>
     <span class='ocr_line' id='line_1_9' title="bbox 417 1532 1335 1646; baseline 0.003 -27"><span class='ocrx_word' id='word_1_49' title='bbox 417 1535 560 1640; x_wconf 84' lang='lat' dir='ltr'>corda,</span> <span class='ocrx_word' id='word_1_50' title='bbox 580 1559 619 1620; x_wconf 84' lang='lat' dir='ltr'>et</span> <span class='ocrx_word' id='word_1_51' title='bbox 633 1559 804 1619; x_wconf 82' lang='lat' dir='ltr'>amantes</span> <span class='ocrx_word' id='word_1_52' title='bbox 818 1565 866 1617; x_wconf 82' lang='lat' dir='ltr'>eo</span> <span class='ocrx_word' id='word_1_53' title='bbox 881 1533 958 1646; x_wconf 82' lang='lat' dir='ltr'>igni</span> <span class='ocrx_word' id='word_1_54' title='bbox 972 1532 1073 1616; x_wconf 84' lang='lat' dir='ltr'>alere</span> <span class='ocrx_word' id='word_1_55' title='bbox 1087 1534 1335 1646; x_wconf 81' lang='lat' dir='ltr'>immortales,</span> 
     </span>
     <span class='ocr_line' id='line_1_10' title="bbox 416 1661 1332 1778; baseline 0.002 -30"><span class='ocrx_word' id='word_1_56' title='bbox 416 1686 644 1778; x_wconf 79' lang='lat' dir='ltr'>tantamque</span> <span class='ocrx_word' id='word_1_57' title='bbox 664 1664 713 1748; x_wconf 89' lang='lat' dir='ltr'>ab</span> <span class='ocrx_word' id='word_1_58' title='bbox 731 1665 780 1747; x_wconf 82' lang='lat' dir='ltr'>iis</span> <span class='ocrx_word' id='word_1_59' title='bbox 804 1664 846 1745; x_wconf 89' lang='lat' dir='ltr'>iu</span> <span class='ocrx_word' id='word_1_60' title='bbox 865 1661 952 1748; x_wconf 84' lang='lat' dir='ltr'>iilos</span> <span class='ocrx_word' id='word_1_61' title='bbox 971 1663 1129 1772; x_wconf 80' lang='lat' dir='ltr'>effaetus</span> <span class='ocrx_word' id='word_1_62' title='bbox 1149 1661 1332 1749; x_wconf 86' lang='lat' dir='ltr'>similitu·</span> 
     </span>
     <span class='ocr_line' id='line_1_11' title="bbox 418 1773 1332 1904; baseline 0.004 -29"><span class='ocrx_word' id='word_1_63' title='bbox 418 1773 550 1888; x_wconf 80' lang='lat' dir='ltr'>diuam</span> <span class='ocrx_word' id='word_1_64' title='bbox 573 1791 730 1898; x_wconf 80' lang='lat' dir='ltr'>reddit,</span> <span class='ocrx_word' id='word_1_65' title='bbox 750 1816 795 1877; x_wconf 88' lang='lat' dir='ltr'>ut</span> <span class='ocrx_word' id='word_1_66' title='bbox 816 1789 911 1876; x_wconf 83' lang='lat' dir='ltr'>nihil</span> <span class='ocrx_word' id='word_1_67' title='bbox 932 1791 1098 1876; x_wconf 79' lang='lat' dir='ltr'>similius</span> <span class='ocrx_word' id='word_1_68' title='bbox 1116 1821 1200 1875; x_wconf 83' lang='lat' dir='ltr'>usse</span> <span class='ocrx_word' id='word_1_69' title='bbox 1221 1821 1332 1904; x_wconf 82' lang='lat' dir='ltr'>poste</span> 
     </span>
     <span class='ocr_line' id='line_1_12' title="bbox 418 1918 1379 2036; baseline 0.004 -34"><span class='ocrx_word' id='word_1_70' title='bbox 418 1920 608 2006; x_wconf 80' lang='lat' dir='ltr'>videatur.</span> <span class='ocrx_word' id='word_1_71' title='bbox 629 1919 715 2004; x_wconf 85' lang='lat' dir='ltr'>Nec</span> <span class='ocrx_word' id='word_1_72' title='bbox 733 1943 791 2003; x_wconf 83' lang='lat' dir='ltr'>est</span> <span class='ocrx_word' id='word_1_73' title='bbox 809 1949 853 2003; x_wconf 84' lang='lat' dir='ltr'>ea</span> <span class='ocrx_word' id='word_1_74' title='bbox 873 1919 1001 2002; x_wconf 82' lang='lat' dir='ltr'>minut</span> <span class='ocrx_word' id='word_1_75' title='bbox 1019 1918 1159 2026; x_wconf 86' lang='lat' dir='ltr'>cautio,</span> <span class='ocrx_word' id='word_1_76' title='bbox 1173 1939 1252 2036; x_wconf 87' lang='lat' dir='ltr'>qua</span> <span class='ocrx_word' id='word_1_77' title='bbox 1271 1920 1334 2006; x_wconf 90' lang='lat' dir='ltr'>di·</span> <span class='ocrx_word' id='word_1_78' title='bbox 1375 2021 1379 2024; x_wconf 34' lang='grc'><strong>,</strong></span> 
     </span>
     <span class='ocr_line' id='line_1_13' title="bbox 422 2051 504 2134; baseline 0.012 -1"><span class='ocrx_word' id='word_1_79' title='bbox 422 2051 504 2134; x_wconf 77' lang='lat' dir='ltr'>xit:</span> 
     </span>
    </p>

    <p class='ocr_par' dir='ltr' id='par_1_3' title="bbox 456 2173 1346 2284">
     <span class='ocr_line' id='line_1_14' title="bbox 456 2173 1346 2284; baseline -0.001 -42"><span class='ocrx_word' id='word_1_80' title='bbox 456 2175 520 2244; x_wconf 85' lang='lat' dir='ltr'>Est</span> <span class='ocrx_word' id='word_1_81' title='bbox 536 2177 631 2246; x_wconf 88' lang='lat' dir='ltr'><em>labor</em></span> <span class='ocrx_word' id='word_1_82' title='bbox 645 2179 699 2246; x_wconf 77' lang='lat' dir='ltr'>tic</span> <span class='ocrx_word' id='word_1_83' title='bbox 713 2179 853 2272; x_wconf 79' lang='lat' dir='ltr'>triplex,</span> <span class='ocrx_word' id='word_1_84' title='bbox 867 2202 917 2248; x_wconf 80' lang='lat' dir='ltr'>me</span> <span class='ocrx_word' id='word_1_85' title='bbox 932 2189 1000 2245; x_wconf 83' lang='lat' dir='ltr'>tres</span> <span class='ocrx_word' id='word_1_86' title='bbox 1014 2175 1127 2284; x_wconf 63' lang='lat' dir='ltr'>adiuro</span> <span class='ocrx_word' id='word_1_87' title='bbox 1134 2173 1266 2269; x_wconf 82' lang='lat' dir='ltr'>puellae</span> <span class='ocrx_word' id='word_1_88' title='bbox 1279 2177 1346 2269; x_wconf 77' lang='lat' dir='ltr'>(u);</span> 
     </span>
    </p>
   </div>
   <div class='ocr_carea' id='block_1_3' title="bbox 421 2283 1342 2499">
    <p class='ocr_par' dir='ltr' id='par_1_4' title="bbox 421 2283 1342 2499">
     <span class='ocr_line' id='line_1_15' title="bbox 421 2283 972 2400; baseline 0.011 -36"><span class='ocrx_word' id='word_1_89' title='bbox 421 2283 596 2366; x_wconf 78' lang='lat' dir='ltr'>etaltera</span> <span class='ocrx_word' id='word_1_90' title='bbox 618 2314 694 2400; x_wconf 87' lang='lat' dir='ltr'>qua</span> <span class='ocrx_word' id='word_1_91' title='bbox 717 2293 771 2368; x_wconf 90' lang='lat' dir='ltr'>sic</span> <span class='ocrx_word' id='word_1_92' title='bbox 791 2287 972 2396; x_wconf 83' lang='lat' dir='ltr'>incoepit.</span> 
     </span>
     <span class='ocr_line' id='line_1_16' title="bbox 454 2407 1342 2499; baseline 0.011 -27"><span class='ocrx_word' id='word_1_93' title='bbox 454 2407 482 2472; x_wconf 92' lang='grc'><em>0</em></span> <span class='ocrx_word' id='word_1_94' title='bbox 496 2410 608 2499; x_wconf 76' lang='lat' dir='ltr'>quibus</span> <span class='ocrx_word' id='word_1_95' title='bbox 623 2422 674 2477; x_wconf 83' lang='lat' dir='ltr'>est</span> <span class='ocrx_word' id='word_1_96' title='bbox 688 2422 807 2493; x_wconf 80' lang='lat' dir='ltr'>certus,</span> <span class='ocrx_word' id='word_1_97' title='bbox 822 2412 984 2492; x_wconf 83' lang='lat' dir='ltr'>dominae,</span> <span class='ocrx_word' id='word_1_98' title='bbox 996 2413 1062 2480; x_wconf 84' lang='lat' dir='ltr'>iam</span> <span class='ocrx_word' id='word_1_99' title='bbox 1076 2434 1191 2482; x_wconf 78' lang='lat' dir='ltr'>sensus</span> <span class='ocrx_word' id='word_1_100' title='bbox 1205 2423 1342 2495; x_wconf 79' lang='lat' dir='ltr'>amoris,</span> 
     </span>
    </p>
   </div>
   <div class='ocr_carea' id='block_1_4' title="bbox 414 2849 1352 3848">
    <p class='ocr_par' dir='ltr' id='par_1_5' title="bbox 414 2849 1352 3848">
     <span class='ocr_line' id='line_1_17' title="bbox 418 2849 1352 2952; baseline 0.014 -38"><span class='ocrx_word' id='word_1_101' title='bbox 418 2849 451 2914; x_wconf 82' lang='lat' dir='ltr'>d’</span> <span class='ocrx_word' id='word_1_102' title='bbox 466 2849 537 2919; x_wconf 80' lang='lat' dir='ltr'>altu</span> <span class='ocrx_word' id='word_1_103' title='bbox 550 2855 690 2938; x_wconf 75' lang='lat' dir='ltr'>dinato,</span> <span class='ocrx_word' id='word_1_104' title='bbox 704 2883 723 2924; x_wconf 84' lang='lat' dir='ltr'><strong><em>e</em></strong></span> <span class='ocrx_word' id='word_1_105' title='bbox 736 2858 774 2922; x_wconf 81' lang='lat' dir='ltr'>dt</span> <span class='ocrx_word' id='word_1_106' title='bbox 794 2858 893 2925; x_wconf 66' lang='lat' dir='ltr'>batte»</span> <span class='ocrx_word' id='word_1_107' title='bbox 908 2863 1041 2949; x_wconf 79' lang='lat' dir='ltr'>ragioui</span> <span class='ocrx_word' id='word_1_108' title='bbox 1058 2860 1280 2952; x_wconf 77' lang='lat' dir='ltr'><em>filosofiche,</em></span> <span class='ocrx_word' id='word_1_109' title='bbox 1296 2884 1315 2926; x_wconf 80' lang='lat' dir='ltr'><em>e</em></span> <span class='ocrx_word' id='word_1_110' title='bbox 1335 2881 1352 2896; x_wconf 64' lang='lat'>²</span> 
     </span>
     <span class='ocr_line' id='line_1_18' title="bbox 417 2955 1324 3044; baseline 0.011 -27"><span class='ocrx_word' id='word_1_111' title='bbox 417 2955 657 3044; x_wconf 78' lang='lat' dir='ltr'>astrologiclte.</span> <span class='ocrx_word' id='word_1_112' title='bbox 676 2960 759 3025; x_wconf 78' lang='lat' dir='ltr'>Altae</span> <span class='ocrx_word' id='word_1_113' title='bbox 774 2982 824 3025; x_wconf 81' lang='lat' dir='ltr'>sue</span> <span class='ocrx_word' id='word_1_114' title='bbox 840 2965 1018 3039; x_wconf 51' lang='lat' dir='ltr'>emunim</span> <span class='ocrx_word' id='word_1_115' title='bbox 1039 2963 1151 3030; x_wconf 81' lang='lat' dir='ltr'>souetti</span> <span class='ocrx_word' id='word_1_116' title='bbox 1176 2984 1249 3030; x_wconf 77' lang='lat' dir='ltr'>tuno</span> <span class='ocrx_word' id='word_1_117' title='bbox 1271 2963 1324 3028; x_wconf 83' lang='lat' dir='ltr'>uel</span> 
     </span>
     <span class='ocr_line' id='line_1_19' title="bbox 415 3053 1324 3155; baseline 0.014 -39"><span class='ocrx_word' id='word_1_118' title='bbox 415 3053 451 3120; x_wconf 87' lang='lat' dir='ltr'>T.</span> <span class='ocrx_word' id='word_1_119' title='bbox 466 3076 510 3121; x_wconf 85' lang='lat' dir='ltr'>tv.</span> <span class='ocrx_word' id='word_1_120' title='bbox 525 3053 622 3123; x_wconf 79' lang='lat' dir='ltr'>Part.</span> <span class='ocrx_word' id='word_1_121' title='bbox 633 3083 655 3128; x_wconf 87' lang='lat'>1.</span> <span class='ocrx_word' id='word_1_122' title='bbox 663 3083 740 3150; x_wconf 77' lang='lat' dir='ltr'>pag.</span> <span class='ocrx_word' id='word_1_123' title='bbox 757 3059 824 3150; x_wconf 79' lang='lat'>319</span> <span class='ocrx_word' id='word_1_124' title='bbox 844 3083 888 3126; x_wconf 85' lang='lat' dir='ltr'>ea</span> <span class='ocrx_word' id='word_1_125' title='bbox 896 3085 974 3152; x_wconf 78' lang='lat' dir='ltr'>pag.</span> <span class='ocrx_word' id='word_1_126' title='bbox 986 3064 1145 3155; x_wconf 75' lang='lat' dir='ltr'>398.deile</span> <span class='ocrx_word' id='word_1_127' title='bbox 1156 3065 1187 3130; x_wconf 89' lang='lat' dir='ltr'>di</span> <span class='ocrx_word' id='word_1_128' title='bbox 1198 3063 1240 3129; x_wconf 85' lang='lat' dir='ltr'>lui</span> <span class='ocrx_word' id='word_1_129' title='bbox 1249 3071 1324 3152; x_wconf 79' lang='lat' dir='ltr'><strong>op&#39;e·</strong></span> 
     </span>
     <span class='ocr_line' id='line_1_20' title="bbox 414 3158 1316 3257; baseline 0.02 -40"><span class='ocrx_word' id='word_1_130' title='bbox 414 3176 446 3218; x_wconf 79' lang='lat' dir='ltr'>re</span> <span class='ocrx_word' id='word_1_131' title='bbox 460 3158 597 3244; x_wconf 78' lang='lat' dir='ltr'>impresse</span> <span class='ocrx_word' id='word_1_132' title='bbox 613 3164 643 3226; x_wconf 88' lang='lat' dir='ltr'>iu</span> <span class='ocrx_word' id='word_1_133' title='bbox 663 3165 810 3234; x_wconf 85' lang='lat' dir='ltr'>Venezia</span> <span class='ocrx_word' id='word_1_134' title='bbox 825 3164 875 3230; x_wconf 85' lang='lat' dir='ltr'>uel</span> <span class='ocrx_word' id='word_1_135' title='bbox 894 3167 986 3255; x_wconf 79' lang='lat'><strong>1758.</strong></span> <span class='ocrx_word' id='word_1_136' title='bbox 999 3185 1058 3257; x_wconf 82' lang='lat' dir='ltr'>per</span> <span class='ocrx_word' id='word_1_137' title='bbox 1072 3167 1100 3234; x_wconf 79' lang='lat' dir='ltr'>it</span> <span class='ocrx_word' id='word_1_138' title='bbox 1114 3166 1219 3234; x_wconf 80' lang='lat' dir='ltr'>Zatta</span> <span class='ocrx_word' id='word_1_139' title='bbox 1235 3168 1269 3232; x_wconf 81' lang='lat' dir='ltr'>in</span> <span class='ocrx_word' id='word_1_140' title='bbox 1283 3167 1316 3253; x_wconf 67' lang='grc'>4.</span> 
     </span>
     <span class='ocr_line' id='line_1_21' title="bbox 457 3259 1333 3350; baseline 0.018 -30"><span class='ocrx_word' id='word_1_141' title='bbox 457 3261 510 3344; x_wconf 75' lang='lat' dir='ltr'>(t)</span> <span class='ocrx_word' id='word_1_142' title='bbox 524 3259 591 3326; x_wconf 78' lang='lat' dir='ltr'>Coti</span> <span class='ocrx_word' id='word_1_143' title='bbox 606 3264 655 3330; x_wconf 86' lang='lat' dir='ltr'>uel</span> <span class='ocrx_word' id='word_1_144' title='bbox 669 3267 801 3350; x_wconf 74' lang='lat' dir='ltr'>margine</span> <span class='ocrx_word' id='word_1_145' title='bbox 815 3287 824 3328; x_wconf 72' lang='grc' dir='ltr'><strong><em>ε</em></strong></span> <span class='ocrx_word' id='word_1_146' title='bbox 1330 3281 1333 3288; x_wconf 91' lang='grc'><strong>’</strong></span> 
     </span>
     <span class='ocr_line' id='line_1_22' title="bbox 446 3359 1122 3450; baseline 0.024 -27"><span class='ocrx_word' id='word_1_147' title='bbox 446 3359 552 3426; x_wconf 80' lang='lat' dir='ltr'>Amor</span> <span class='ocrx_word' id='word_1_148' title='bbox 565 3362 623 3431; x_wconf 80' lang='lat' dir='ltr'>che</span> <span class='ocrx_word' id='word_1_149' title='bbox 638 3373 743 3437; x_wconf 82' lang='lat' dir='ltr'>muovi</span> <span class='ocrx_word' id='word_1_150' title='bbox 760 3382 817 3435; x_wconf 83' lang='lat' dir='ltr'>tua</span> <span class='ocrx_word' id='word_1_151' title='bbox 832 3367 919 3438; x_wconf 70' lang='lat' dir='ltr'>virtu</span> <span class='ocrx_word' id='word_1_152' title='bbox 933 3370 993 3436; x_wconf 77' lang='lat' dir='ltr'>dat</span> <span class='ocrx_word' id='word_1_153' title='bbox 1008 3367 1122 3450; x_wconf 80' lang='lat' dir='ltr'>Cielo,</span> 
     </span>
     <span class='ocr_line' id='line_1_23' title="bbox 493 3461 966 3562; baseline 0.032 -36"><span class='ocrx_word' id='word_1_154' title='bbox 493 3461 590 3531; x_wconf 83' lang='lat' dir='ltr'>Come</span> <span class='ocrx_word' id='word_1_155' title='bbox 604 3467 632 3531; x_wconf 82' lang='lat' dir='ltr'>it</span> <span class='ocrx_word' id='word_1_156' title='bbox 646 3467 706 3535; x_wconf 77' lang='lat' dir='ltr'>Sol</span> <span class='ocrx_word' id='word_1_157' title='bbox 721 3468 757 3538; x_wconf 85' lang='lat' dir='ltr'>Io</span> <span class='ocrx_word' id='word_1_158' title='bbox 771 3470 966 3562; x_wconf 79' lang='lat' dir='ltr'>splendore.</span> 
     </span>
     <span class='ocr_line' id='line_1_24' title="bbox 460 3564 828 3656; baseline 0.03 -32"><span class='ocrx_word' id='word_1_159' title='bbox 460 3569 515 3646; x_wconf 78' lang='lat' dir='ltr'>(a)</span> <span class='ocrx_word' id='word_1_160' title='bbox 531 3564 598 3630; x_wconf 78' lang='lat' dir='ltr'>cosi</span> <span class='ocrx_word' id='word_1_161' title='bbox 613 3567 661 3633; x_wconf 85' lang='lat' dir='ltr'>uel</span> <span class='ocrx_word' id='word_1_162' title='bbox 676 3575 806 3656; x_wconf 73' lang='lat' dir='ltr'>margine</span> <span class='ocrx_word' id='word_1_163' title='bbox 820 3594 828 3635; x_wconf 75' lang='lat' dir='ltr'>a</span> 
     </span>
     <span class='ocr_line' id='line_1_25' title="bbox 448 3663 1225 3782; baseline 0.021 -54"><span class='ocrx_word' id='word_1_164' title='bbox 448 3663 511 3729; x_wconf 75' lang='lat' dir='ltr'>Tre</span> <span class='ocrx_word' id='word_1_165' title='bbox 525 3667 631 3734; x_wconf 77' lang='lat' dir='ltr'>donna</span> <span class='ocrx_word' id='word_1_166' title='bbox 645 3674 776 3741; x_wconf 81' lang='lat' dir='ltr'>intumo</span> <span class='ocrx_word' id='word_1_167' title='bbox 791 3676 827 3740; x_wconf 87' lang='lat' dir='ltr'>al</span> <span class='ocrx_word' id='word_1_168' title='bbox 842 3697 919 3742; x_wconf 80' lang='lat' dir='ltr'>tuor</span> <span class='ocrx_word' id='word_1_169' title='bbox 934 3677 978 3742; x_wconf 85' lang='lat' dir='ltr'>mi</span> <span class='ocrx_word' id='word_1_170' title='bbox 993 3697 1053 3742; x_wconf 87' lang='lat' dir='ltr'>son</span> <span class='ocrx_word' id='word_1_171' title='bbox 1067 3685 1225 3782; x_wconf 58' lang='lat' dir='ltr'>tenuta...</span> 
     </span>
     <span class='ocr_line' id='line_1_26' title="bbox 490 3762 1157 3848; baseline 0.028 -21"><span class='ocrx_word' id='word_1_172' title='bbox 490 3762 624 3846; x_wconf 76' lang='lat' dir='ltr'><strong><em>Donne,</em></strong></span> <span class='ocrx_word' id='word_1_173' title='bbox 639 3771 792 3844; x_wconf 58' lang='lat' dir='ltr'>chiauete</span> <span class='ocrx_word' id='word_1_174' title='bbox 807 3776 971 3846; x_wconf 71' lang='lat' dir='ltr'>intellecto</span> <span class='ocrx_word' id='word_1_175' title='bbox 985 3775 1019 3842; x_wconf 80' lang='lat' dir='ltr'>d&#39;</span> <span class='ocrx_word' id='word_1_176' title='bbox 1029 3799 1157 3848; x_wconf 82' lang='lat' dir='ltr'>umore.</span> 
     </span>
    </p>
   </div>
   <div class='ocr_carea' id='block_1_5' title="bbox 0 0 1614 5064">
    <p class='ocr_par' dir='ltr' id='par_1_6' title="bbox 0 0 1614 5064">
     <span class='ocr_line' id='line_1_27' title="bbox 0 0 1614 5064; baseline 0 4"><span class='ocrx_word' id='word_1_177' title='bbox 0 0 1614 5064; x_wconf 95' lang='lat' dir='ltr'> </span> 
     </span>
    </p>
   </div>
  </div>
 </body>
</html>
