3240 5042
267 567 379 655 faire.
399 561 676 654 blaterantem
696 567 775 653 visa
789 591 844 654 eat
865 572 1040 685 accipere
1059 569 1176 656 buius

211 780 212 790 r
262 691 1172 814 dextera'exprnpinquolontebaurtamaquam‚

260 852 309 912 ex
326 851 416 937 agro
436 849 529 908 vero
561 820 741 908 tellurem
773 848 969 935 acceptam
996 821 1174 912 tradebat
1239 833 1241 838 ’

259 951 604 1070 ninistra‚quibns
635 948 923 1064 significabatur
953 949 1034 1036 sere
1066 952 1173 1036 idem

261 1077 390 1164 laudis
409 1107 544 1191 genna.
564 1077 667 1167 Nam
688 1077 798 1194 qnod
818 1101 916 1162 esset
935 1107 1026 1161 cum
1047 1080 1171 1161 nutri·

258 1231 305 1290 ca
320 1271 331 1312 ,
349 1233 444 1292 curn
462 1207 649 1320 sapientia
671 1235 764 1293 eum
784 1233 864 1289 ease
886 1202 1170 1310 declarabatur,

262 1359 367 1451 qnae
386 1337 510 1418 nutrit
524 1335 695 1441 bonor,a
715 1359 850 1447 sapore
864 1331 1029 1448 quidem
1042 1331 1175 1444 appel-

262 1457 362 1567 lata,
381 1461 493 1578 quod
512 1461 701 1548 ambabus
722 1459 927 1566 manibus,
959 1487 1058 1574 quae
1081 1456 1167 1541 dia-

263 1587 443 1698 solverat,
464 1590 636 1674 traderet
656 1589 783 1676 anellis
802 1589 936 1674 favum
963 1585 1172 1691 omnibus,

144 1739 146 1744 ’
264 1716 326 1802 vel
346 1721 555 1835 utriusque
581 1719 749 1804 docebat
770 1717 1016 1805 sudaturam
1046 1715 1171 1798 lartu-

189 1863 192 1870 ’
261 1873 332 1928 nac
351 1844 539 1949 remedia,
559 1842 621 1928 vel
636 1849 843 1960 utriusque
857 1845 1024 1950 virtutis,
1036 1865 1076 1928 et
1090 1872 1177 1927 mo·

258 1970 365 2078 ralia,
377 1996 417 2056 et
430 1970 690 2059 intellectivae
711 1969 827 2078 vires,
846 2003 956 2088 quas,
975 1999 1068 2058 cum
1090 1955 1191 2054 nou'

264 2097 467 2206 haberent,
486 2098 662 2210 diligenti
683 2102 873 2215 quaesivit
892 2098 1039 2205 studio,
1052 2129 1091 2182 se
1104 2099 1174 2181 bn·
1220 2207 1222 2210 Ι

264 2225 439 2310 minibus
478 2221 625 2340 eloquii
664 2227 853 2308 suavitate
893 2253 1171 2338 persuasurum

141 2391 153 2420 ν
261 2379 344 2436 etse
362 2353 637 2468 capescendas.
659 2352 854 2436 Mammea
886 2351 1052 2468 quidem
1085 2353 1169 2440 alu·

260 2501 392 2588 nunnae,
410 2480 541 2564 amhae
562 2480 661 2562 vitae
683 2503 810 2592 partes
823 2509 863 2562 se
877 2479 1066 2564 daturum
1080 2512 1175 2596 pue-

266 2608 333 2717 ris,
351 2605 427 2694 hoc
447 2591 504 2694 eat
524 2608 664 2720 ignaris
684 2605 923 2716 bominibus,
941 2611 1177 2724 aperiebant,

264 2765 435 2853 quarum
455 2736 528 2821 alia
549 2761 607 2821 est
628 2737 667 2819 in
688 2737 850 2850 agendo,
870 2769 949 2856 qua
975 2739 1083 2848 itur,
1102 2739 1174 2824 alia

262 2865 303 2949 in
337 2861 591 2981 perficiendo,
611 2896 689 2983 qua
712 2867 965 2980 pervenitur,
996 2866 1069 2952 alia
1102 2896 1172 2952 noa

264 3017 519 3101 exercemus,
563 2993 636 3078 alia
669 2997 803 3081 Deum
831 2985 1175 3110 ‚contemplamnr3

269 3141 377 3234 aqua·
404 3150 500 3205 vero
531 3150 579 3204 ex
603 3118 714 3206 fonte
740 3147 897 3235 accepta
917 3121 1172 3214 beatitudinis

266 3248 467 3332 erientiam
482 3247 714 3366 praesefert,
733 3280 852 3366 quam
867 3247 1083 3361 theologiae
1103 3247 1174 3332 do·

264 3379 389 3462 ctrina
408 3403 708 3493 consequentur3
721 3401 758 3460 at
772 3377 888 3462 tellus
901 3409 950 3462 ex
962 3406 1053 3489 agro
1066 3401 1172 3461 sunt·

268 3529 334 3620 pta
361 3530 504 3590 rectam
530 3503 751 3590 officiorum
777 3506 950 3590 continet
977 3506 1176 3589 rationem.
1305 3582 1310 3592 .

268 3636 323 3718 lta
343 3659 382 3719 et
403 3635 495 3718 baec
509 3635 592 3728 dno
612 3633 724 3717 nobis
745 3657 801 3718 est
828 3633 999 3750 denique
1020 3663 1179 3728 munera
1237 3745 1241 3754 x

278 3764 456 3878 elargitus
477 3765 623 3850 Dentes
636 3805 655 3871 ‚·
668 3764 737 3878 qui
752 3787 789 3848 et
803 3761 952 3876 Virgilii
976 3761 1099 3849 ductu
1120 3794 1170 3846 ta·
