3240 5042
537 475 592 559 9²
1204 531 1205 534 κ

476 581 788 696 vigilantissimos
803 581 1060 666 foeneratores
1076 606 1278 690 soporare,
1297 605 1401 663 oum

380 808 383 813 ⁷
475 706 664 820 Virgilius
698 733 866 820 pastores
899 707 1017 792 docet
1037 731 1218 818 armenta¹
1243 705 1400 790 ducere

358 942 360 946 .
477 833 529 920 nd
549 836 716 949 pabula,
735 833 915 947 agricolas
936 863 1089 939 serere,
1121 833 1265 920 milites
1285 863 1400 918 arma

359 1017 362 1021 -
478 983 649 1076 gestare,
668 993 760 1051 cnm
777 964 926 1048 mixtim
948 985 986 1046 et
1008 963 1312 1074 interponuntur
1333 991 1399 1044 res

480 1115 624 1202 gestae,
643 1117 682 1177 et
697 1090 864 1178 mirabili
882 1117 1086 1202 poetarum
1099 1085 1266 1176 artifieio
1278 1088 1401 1173 deno·

482 1250 573 1306 rum
608 1251 724 1316 suum
746 1221 890 1334 cuique
914 1215 1173 1304 traditurrei.
1211 1215 1291 1302 Sed
1313 1213 1404 1298 'hoc

333 1343 338 1355 ⁸
395 1367 400 1376 '
482 1374 588 1434 nerto
609 1347 889 1469 admirgbilius,
910 1343 1022 1460 quod
1043 1376 1123 1428 uno
1143 1343 1296 1453 codice,
1321 1375 1403 1429 neo

481 1475 699 1564 admodum
721 1473 893 1587 prolixo,
924 1476 972 1556 sit
1000 1475 1128 1556 omnia
1150 1473 1397 1586 diligentissi-

485 1633 549 1691 me
568 1605 716 1688 Dentes
749 1599 1001 1713 complexus,
1035 1633 1135 1718 quae
1155 1625 1193 1686 et
1214 1601 1265 1685 od
1286 1603 1402 1704 bene,

485 1736 679 1848 beateque
712 1728 982 1814 vivendsnra
1015 1727 1253 1844 pbilosophis
1285 1725 1394 1814 ‹liotn

490 1879 596 1966 sunt,
609 1884 648 1944 et
661 1858 711 1943 nd
725 1860 992 1943 aeternitatem
1009 1857 1148 1970 gloriae
1163 1889 1392 1974 consequen
1414 1903 1429 1921 ·

496 1988 589 2072 dam
621 2011 710 2072 sunt
732 2019 753 2070 n
773 1984 980 2095 Theologis
1001 1985 1201 2098 explicate.
1233 1984 1408 2072 Nullum

493 2139 554 2222 est
574 2116 692 2200 officii
713 2145 853 2226 genus,
874 2114 935 2198 vel
952 2113 1261 2228 publicum‚,t'rel
1276 2115 1412 2200 dome·

480 2247 632 2330 *oricum
642 2309 654 2350 ,
675 2242 737 2327 vel
754 2243 926 2352 forense,
947 2243 1008 2328 vel
1024 2246 1241 2352 urbanum,
1259 2245 1324 2330 vel
1339 2246 1409 2331 nsi-

496 2373 631 2482 litnre,
657 2374 720 2457 ·de
754 2404 836 2492 quo
870 2405 948 2457 non
969 2375 1127 2468 abunde
1149 2376 1408 2489 praecipiatur

411 2525 413 2531 '
461 2533 464 2540 ·
491 2503 599 2615 apud
615 2501 794 2586 Dantern
809 2500 885 2586 Hic
899 2526 938 2586 et
952 2501 1155 2586 loleroum
1170 2535 1250 2588 esse
1264 2505 1402 2607 sciens,

422 2675 424 2686 0
493 2631 697 2754 inquiente
718 2630 834 2714 lsaia:
857 2630 1051 2718 dilatarit
1085 2635 1279 2738 infernus
1312 2638 1428 2720 ani·

494 2789 608 2868 mom
622 2747 768 2865 stram,
790 2778 829 2864 et
849 2745 1011 2869 apernit
1035 2791 1077 2848 os
1093 2793 1213 2846 sutem
1229 2754 1406 2876 ,jsbsqus

491 2882 576 2970 ullo
591 2885 756 2968 termino
776 2884 981 3000 descripsit
1013 2919 1132 2995 eunt,
1154 2913 1197 2972 ut
1233 2891 1403 3002 primurn
1490 2966 1492 2972 ,

440 3121 441 3126 Ν
493 3036 659 3096 terreret
686 3009 900 3097 hominess
922 3019 1114 3128 peccatis,
1147 3045 1239 3101 curn
1273 3015 1405 3128 legerit

493 3139 767 3254 propheticum
789 3139 907 3226 illud:
930 3149 1099 3230 initium
1116 3146 1407 3258 sopieotineti·
1490 3149 1492 3154 ’

495 3301 587 3371 mor
599 3273 800 3374 Domni,
823 3301 895 3354 nec
916 3301 1006 3354 eum
1023 3271 1160 3358 latebat
1175 3262 1286 3390 quod
1302 3271 1403 3382 apud

495 3398 698 3512 Maronem
720 3395 885 3508 legitur:
914 3401 1075 3504 inferni
1106 3410 1231 3486 innuo
1266 3406 1406 3498 Dine,

498 3553 569 3606 neo
589 3523 699 3637 quod
713 3524 787 3645 1Ιοι)
803 3526 951 3640 ἰιιᾳιιῑιε·
975 3534 1017 3645 iu
1035 3529 1408 3642 prrfirudissimnm

500 3654 715 3742 infernum
755 3639 972 3740 deseendit
1015 3667 1157 3764 opima
1193 3693 1311 3744 mea.
1346 3656 1408 3740 Διί

506 3778 601 3862 haee
642 3781 776 3892 tuterit.
814 3780 952 3897 triplex
986 3819 1065 3870 esse
1102 3789 1238 3880 inserui
1275 3789 1411 3898 legerat
1479 3867 1480 3870 ,
