3240 5042
262 601 302 656 ra
323 593 416 650 vero
435 593 507 652 cur
525 588 683 668 coactus
703 566 750 646 sit
771 565 889 676 panio
909 590 994 682 post
1008 596 1093 652 eam
1115 561 1175 644 di-

260 695 448 810 gnitatem
481 694 701 810 relinquere
739 689 883 778 Dentes
919 696 1105 810 patriam,
1131 720 1175 770 ea

264 846 333 928 est,
353 853 477 936 quam
501 822 737 906 Bocchacitrs
771 824 874 902 sicco
896 820 1091 934 praeteriit
1112 846 1180 927 pe·

202 1037 208 1052 ,
260 949 310 1036 de
322 1017 333 1054 ,
354 983 474 1070 quam
492 950 667 1054 nesciret,
682 947 912 1034 Leonardus
931 973 1063 1032 autem
1083 951 1182 1030 Are·

259 1079 365 1166 rinus
385 1077 591 1193 diligenter
612 1078 856 1188 expresserit,
876 1078 946 1192 qui
968 1079 1052 1159 eius
1065 1098 1173 1156 tem·

259 1207 420 1316 pesteris
443 1205 641 1290 historiam
663 1205 828 1316 scripsit.
849 1202 957 1287 Cum
971 1206 1072 1286 inter
1086 1195 1183 1284 Get·
1280 1209 1282 1214 ’

258 1329 370 1440 phur,
390 1333 693 1448 Gibeiliuosque
715 1319 827 1418 vetus
841 1355 949 1437 essct,
967 1355 1004 1438 et
1027 1327 1184 1410 factiosa

156 1446 159 1457 .
259 1459 581 1546 Florentinorum
610 1461 836 1568 seditio‚in
859 1459 900 1540 id
932 1459 1098 1540 demum
1127 1477 1184 1536 est
1251 1472 1253 1482 ’

261 1585 416 1670 redacta
439 1617 524 1692 res,
545 1611 587 1670 ut
611 1587 744 1698 pulsis,
766 1585 1088 1698 consumptisque
1110 1578 1191 1664 Gis

262 1712 419 1800 bellinis
439 1715 509 1800 soli
533 1742 732 1830 regnarent
753 1713 1001 1830 Gelphi.Sed
1020 1738 1063 1795 ut
1081 1714 1182 1793 inter

266 1871 333 1922 eos
351 1873 498 1946 rursus,
513 1845 581 1958 qui
597 1839 747 1928 assidua
764 1867 944 1928 rotantur
959 1840 1184 1948 ambitione,

270 1966 395 2049 solent
411 1973 917 2088 invidiae‚suspicionesque
932 1965 1187 2074 incidere‚di-
1262 1998 1265 2010 ·
1299 2071 1302 2079 Ι

273 2091 353 2174 vise
368 2115 422 2176 cst
438 2095 497 2176 vei
511 2095 760 2208 Geiphorum
776 2100 902 2202 factio,
916 2097 1086 2209 fecitque
1107 2095 1183 2174 dis·
1295 2193 1297 2201 A

266 2220 404 2302 *sensio
417 2219 663 2331 animorum,
684 2249 728 2306 ut
749 2222 812 2304 alii
830 2221 942 2332 Nigri
961 2287 971 2328 ,
991 2225 1053 2318 aiii
1083 2221 1187 2304 dice·

154 2329 162 2340 ’
273 2372 410 2428 rentur
431 2345 550 2452 Albi,
577 2341 809 2463 diversaque
835 2329 1183 2458 cognominatione

230 2453 239 2469 ⁶
267 2467 378 2554 alteri
398 2471 539 2554 alteros
552 2471 720 2556 flammis
736 2480 1052 2591 insequerentur.
1068 2477 1183 2588 Quae

267 2589 432 2714 quidem
454 2601 676 2686 animorum
693 2606 949 2714 perturbatio,
965 2631 1082 2720 atque
1100 2635 1183 2687 cae·

267 2731 362 2840 citas
381 2730 535 2812 Pistorii
559 2734 731 2840 primurn
746 2735 872 2843 coepit
889 2734 1074 2816 radicitus
1089 2765 1179 2816 con-

266 2852 439 2959 firmari,
459 2882 498 2939 et
518 2891 537 2938 a
560 2859 895 2944 Canceiiariorum
922 2861 1066 2944 familia
1102 2891 1180 2942 ma-

265 2984 380 3086 xima,
394 2981 661 3099 ditissimaque
683 2991 796 3072 traxit
816 2988 1184 3074 initiumVolentes
1304 3037 1306 3042 ·

269 3137 362 3193 vcro
393 3109 611 3194 Florentini
644 3116 796 3198 Pistorii
831 3117 980 3198 mederi
1016 3119 1181 3222 morbo,

272 3578 374 3645 ciullo
389 3561 561 3650 itell’armi
569 3633 580 3664 ,
597 3611 614 3652 e
629 3587 709 3654 dove
734 3587 804 3656 abbr·
836 3603 982 3658 temerare
1010 3589 1134 3666 molto,
1162 3615 1179 3655 e

270 3680 362 3745 nella
377 3681 456 3770 stne
486 3688 711 3772 grandissimo
739 3693 928 3782 allegrezzu
950 3717 1011 3781 per·
1044 3689 1071 3755 ti
1098 3697 1182 3758 rurrt't'

272 3790 345 3846 cast*
360 3788 398 3850 di
411 3785 523 3875 quella
539 3787 728 3882 battcglr'a.
