3240 5042
533 438 587 538 24

470 574 568 678 soli,
587 595 704 686 atque
724 568 900 680 legimus,
920 567 988 654 sed
1005 565 1265 654 h'abetnescio
1278 569 1378 682 quid

465 698 616 784 latentis
648 693 821 810 energiae
854 699 965 785 vivae
998 701 1104 784 vocis
1142 693 1371 782 oraculum.

462 830 669 920 Ducentur
689 851 820 911 autem
842 828 1002 922 minime
1034 856 1145 932 saxa,
1164 823 1235 906 ced
1256 828 1373 908 maxi·

461 980 526 1040 me
548 956 747 1050 homines.
767 957 904 1070 ltaque
932 975 1034 1038 recte
1066 953 1195 1068 inquit
1214 950 1373 1039 Tullius

460 1085 599 1168 mentis
619 1086 888 1194 agitationem,
907 1113 1009 1197 quae
1042 1093 1246 1197 nunquam
1279 1109 1371 1164 con·

462 1211 652 1325 quiescit,
670 1205 849 1316 efficere,
871 1233 926 1313 ut,
946 1239 1038 1292 cnm
1060 1205 1122 1290 vel
1143 1205 1214 1288 soli
1233 1207 1368 1316 nimus,

462 1343 667 1447 cupiamus
686 1367 838 1444 semper
858 1333 1007 1451 aliquid
1029 1332 1186 1439 ridere,
1208 1332 1370 1441 audire,

460 1485 500 1546 ct
518 1464 680 1569 discere,
693 1489 730 1546 et
744 1465 940 1548 Homerus
962 1462 1177 1576 plurimum
1199 1459 1373 1546 Vlisscm,

458 1590 590 1676 laudat
608 1657 619 1698 ,
639 1592 883 1709 appellatque
901 1591 1252 1706 prudentissimum
1267 1582 1371 1709 ,qui
1393 1629 1395 1632 ·

458 1744 590 1806 mores
610 1720 813 1805 hominum
834 1721 1046 1815 multorum
1065 1718 1175 1826 vidit,
1189 1720 1372 1831 ctunbes.

461 1849 676 1934 Praeterea·
697 1848 807 1964 quod
834 1853 977 1935 Seneca
1001 1845 1162 1972 uoluit,
1194 1843 1373 1948 dandum

463 1998 523 2056 est
543 1972 704 2091 aliquod
739 1975 985 2067 intervallum
1017 1976 1172 2060 animo.
1192 1975 1281 2086 Ego
1299 1974 1373 2076 isto

457 2102 896 2221 rubiginosoaqualore
929 2106 1074 2191 obsitos
1106 2105 1266 2216 pannis,
1298 2136 1363 2198 an·,

452 2230 615 2346 nisque,
637 2264 838 2348 nunquam
861 2232 1153 2353 plurisalaciam,
1172 2236 1359 2350 quoniam

440 2387 571 2482 ¹acque
591 2389 634 2445 ac
655 2388 818 2444 noctuae
839 2384 1039 2446 versentur
1054 2389 1218 2472 ¹semper
1236 2358 1360 2471 domi,

457 2485 707 2592 sibivirant,
725 2486 798 2570 sibi
818 2490 989 2599 sapiant,
1016 2517 1144 2603 neque
1176 2488 1364 2603 cuiquam

450 2614 624 2722 prosint,
644 2616 710 2730 qui
733 2618 822 2730 quin
843 2642 935 2701 sunt
956 2619 1111 2729 ingenio
1145 2615 1298 2726 hebeti,
1317 2644 1358 2705 et

450 2770 575 2824 crassa
596 2741 752 2852 lingua,
774 2775 851 2826 non
871 2744 1016 2828 audent
1038 2776 1120 2830 esse
1140 2774 1234 2830 enm
1253 2745 1358 2856 aliis,

449 2868 669 2984 voluntque
708 2900 798 2952 suae
839 2871 1276 2984 ineptitudtntsjtabem
1315 2874 1356 2956 in

445 3026 561 3078 omne
584 2997 786 3077 hominnm
810 3005 971 3081 transire
991 3001 1229 3084 concilium.
1249 3002 1352 3082 Lau·
1425 3091 1429 3106 Χ

310 3168 315 3176 -
444 3125 497 3205 do
531 3156 763 3236 magnopere
797 3129 991 3234 Dantem,
1018 3130 1087 3244 qui
1121 3127 1351 3244 loquendo,

445 3252 723 3358 conversando,
744 3253 953 3364 audiendo,
970 3256 1222 3371 videndoque
1237 3254 1350 3341 intel·
1414 3243 1416 3252 l

415 3377 578 3489 ,ligebat
598 3385 751 3486 omnia,
773 3381 927 3468 videbat
947 3386 1107 3495 singula,
1127 3411 1346 3502 cunctaque

436 3509 732 3616 speculabatur.
753 3513 904 3595 Tantus
938 3538 1065 3595 autem
1088 3514 1148 3596 vir
1169 3513 1218 3596 ad
1251 3513 1345 3622 baec

436 3632 552 3743 legit,
573 3639 717 3751 quibus
739 3639 977 3723 donarentur
996 3643 1251 3749 muneribus,
1272 3647 1344 3759 qui

430 3763 541 3888 apud,
562 3766 888 3892 Lacedaemonius
923 3769 1136 3880 nuberent,
1169 3803 1342 3888 quorum

1511 2595 1531 2676 l
