3240 5042
301 553 302 558 a
1061 465 1116 570 59

274 615 520 706 qnsrtum‚et
535 595 919 708 vigesimnmannum
929 585 1137 684 obiitFnit
1148 621 1189 685 et

272 721 415 812 coniux
426 725 594 810 Gemma
605 724 769 828 Donate,
779 751 898 838 quam
913 747 1001 809 ente
1015 755 1187 810 somme·

279 854 439 938 moravi:
460 884 508 937 ex
523 851 594 936 hae
609 882 710 968 qnos
730 848 830 934 filios
846 855 1069 962 procrearit,
1089 883 1186 968 pan·

276 977 316 1062 lo
334 981 489 1064 dicetur
508 979 687 1088 inferius,
707 978 1087 1097 declarabimusqne,
1104 1013 1184 1096 qua

280 1109 328 1192 sit'
361 1110 423 1193 vel
458 1111 499 1194 in
521 1107 628 1194 bunc
648 1137 776 1225 usqne
807 1105 914 1190 diem
941 1109 1025 1192 eins
1044 1107 1188 1228 familia

275 1237 498 1347 posteritate
530 1238 688 1347 integre.
710 1235 846 1320 Dantis
872 1258 1005 1319 autern
1023 1235 1186 1344 domus,

276 1393 374 1479 quas
405 1355 603 1470 incoleret,
623 1362 699 1446 illis
718 1388 826 1447 erant
841 1363 1069 1476 contiguae,
1089 1393 1187 1480 quas

278 1491 428 1576 Genius
447 1491 545 1575 Belli
564 1487 670 1573 lilius
690 1488 908 1598 incolebat,
928 1492 1190 1576 ornatissimae

178 1609 181 1616 ¹
281 1615 444 1734 quidem
464 1647 534 1724 ‚ac
546 1619 842 1732 praestantiores
868 1647 987 1734 quarn
1014 1619 1191 1703 commni-

277 1775 366 1829 nem
384 1737 570 1862 decerent
581 1749 720 1834 civem.
734 1745 932 1862 Splendor
946 1779 1040 1833 vero
1053 1738 1190 1834 dome·
1223 1777 1226 1784 ’

276 1871 602 1981 trittenheim
621 1899 707 1960 utar
726 1874 777 1960 de
797 1906 838 1961 se
860 1876 1097 1983 testimonio,
1112 1905 1191 1958 non

276 2021 359 2083 erat
377 1998 613 2109 mediocris,
641 2001 712 2085 serl
732 2000 944 2088 excedebat
964 2001 1191 2086 divitiarum

279 2125 409 2234 vires,
436 2155 480 2210 ae
499 2128 782 2240 praeseferebat
810 2131 931 2212 animi
957 2127 1192 2238 magnitudi-

280 2283 375 2338 nem
409 2254 519 2362 eius,
546 2256 611 2340 coi
643 2256 853 2340 serviebat.
885 2256 989 2346 Nam
1028 2277 1068 2340 et
1099 2283 1191 2368 sup·

277 2381 408 2493 pellex
438 2390 545 2490 erat3
580 2407 624 2468 ut
657 2387 707 2468 ita
740 2385 888 2488 dicam,
909 2380 1132 2485 Lucullina,
1151 2407 1189 2468 et

278 2511 402 2594 Marci
429 2511 571 2654 passi
612 2513 729 2624 magis
761 2505 901 2624 plena,
933 2541 1051 2627 qnam
1086 2513 1190 2597 Dan·

280 2637 328 2720 tis
349 2635 520 2750 Aligeri.
541 2639 700 2724 Praedia
728 2639 859 2724 Dentis
878 2662 985 2722 erant
1006 2669 1083 2720 non
1107 2639 1190 2720 vol-

280 2765 379 2874 garia
400 2764 441 2848 in
464 2767 679 2854 Cameratis
711 2771 808 2880 agris
829 2761 914 2880 (r),
933 2767 977 2848 in»
1001 2765 1188 2852 Placenti·

320 3025 369 3111 (t)
384 3025 412 3089 ll
429 3023 490 3110 εἰς.
505 3027 656 3093 Demetrio
669 3027 804 3093 Pinzauti
812 3073 824 3106 ,
838 3023 894 3092 ohe
908 3028 995 3094 erede
1011 3049 1071 3093 non
1099 3047 1187 3091 senza

275 3141 336 3186 nna
345 3123 473 3213 qualche
490 3126 648 3192 verisimile
662 3129 781 3210 ragione
795 3127 830 3193 di
845 3150 938 3193 essere
953 3127 983 3192 al
994 3147 1126 3215 possesso
1139 3126 1189 3192 del

275 3224 369 3302 stolo,
385 3224 434 3290 cb’
444 3248 494 3293 era
508 3228 556 3310 gia
571 3227 603 3291 di
618 3225 643 3289 sl
658 3245 729 3307 gran
744 3229 834 3292 Poeta
849 3273 859 3306 ‚
891 3226 930 3292 he
945 3225 1183 3316 plausibilmente

234 3367 236 3372 .
271 3341 445 3393 conservata
461 3349 519 3394 nna
534 3326 559 3392 sl
574 3325 717 3392 onerifica
733 3332 874 3395 memoria
889 3347 947 3396 eon
960 3330 1112 3395 iscriziooe
1132 3347 1189 3414 po-

276 3439 322 3493 sta
337 3429 397 3496 alla
412 3453 463 3496 aaa
477 3429 695 3516 elegantissime
713 3429 786 3495 villa
800 3435 832 3498 di
847 3433 1021 3498 Camerata.
1047 3427 1127 3496 Foss’
1135 3427 1207 3511 egli·

278 3532 311 3594 in
333 3533 381 3598 cib
407 3534 525 3600 imitato
550 3553 657 3598 ancora
672 3535 704 3596 in
718 3533 837 3600 Firenze
849 3579 859 3612 ,
890 3539 1026 3622 emporio
1051 3535 1100 3618 gia
1125 3535 1190 3598 lne-

276 3648 375 3701 sausto
388 3638 419 3701 di
433 3637 606 3724 personaggi
622 3634 750 3712 illustri,
769 3661 787 3701 e
802 3639 832 3702 di
847 3659 904 3702 una
919 3638 980 3702 tale
995 3650 1112 3704 etanta
1136 3657 1188 3700 ce-

277 3735 406 3816 lebrttt,
427 3735 483 3802 obe
513 3735 597 3802 niun'
609 3729 686 3803 altra
716 3740 796 3804 sitta
813 3737 843 3803 d’
856 3739 945 3804 ltalia
958 3741 1017 3828 pub
1029 3739 1119 3804 starle
1131 3735 1193 3801 lor-

279 3861 309 3902 se
339 3861 356 3905 a
382 3838 499 3919 fronte,
531 3839 586 3906 che
614 3839 641 3905 le
669 3841 794 3908 Nazioni
822 3840 1053 3914 d’olnsmonte
1067 3843 1097 3908 le
1111 3841 1193 3935 quali
