3240 5042
526 443 581 526 θα

465 601 599 666 earnm
609 584 803 694 praesidio
817 603 995 702 magnam
1007 624 1288 710 saepenumero
1298 626 1377 686 nro-

463 726 563 788 ntrrn
576 708 618 790 in
630 709 789 826 elterius
801 712 978 805 lectionis
994 721 1117 808 Albos
1130 729 1375 840 compererit.
1456 715 1459 718 ¹

460 825 532 912 Est
551 857 684 922 nutem
704 870 723 922 s
746 847 970 954 tnrsntibns
993 851 1139 938 nantes
1153 853 1376 967 appellatus
1456 921 1457 924 ι

447 959 611 1069 proprio
637 969 796 1052 nomine
816 967 904 1088 (r),
937 978 1048 1094 qnod
1068 1046 1079 1087 ‚
1097 981 1295 1099 siqnidem
1316 1008 1374 1070 est

456 1083 610 1174 Plitoni
630 1093 682 1178 de
702 1102 939 1188 rectitudine
954 1113 1160 1194 nominum
1180 1109 1372 1196 adhiben-

458 1210 508 1298 tlo
527 1209 654 1328 fides,
675 1255 753 1310 noo
774 1233 929 1316 estsine
950 1238 1370 1356 rationeimpositunr,

453 1343 524 1453 qni
544 1369 590 1432 nt
610 1377 725 1462 poeta
743 1355 818 1445 soit
833 1363 1145 1480 etphilosophus
1166 1367 1371 1473 maximio,

458 1493 496 1552 et
511 1471 713 1592 theologus
727 1488 1050 1604 sapientissimus,
1063 1497 1114 1578 ita
1131 1498 1284 1582 cunetis
1300 1496 1369 1580 ho·

454 1598 627 1688 minibus
646 1608 759 1697 dedit
773 1615 872 1701 bene
888 1621 1046 1706 vivendi
1070 1622 1275 1730 rationem,
1296 1648 1367 1708 ets

453 1721 586 1812 dando
605 1733 752 1822 Dentes
771 1741 904 1850 diotns
923 1772 1006 1853 est,
1025 1747 1160 1834 habito
1178 1781 1270 1834 snae
1297 1749 1360 1834 lu·

454 1872 565 1938 turne
582 1857 793 1973 largitionis
813 1872 947 1957 multis
981 1875 1108 1960 modis
1142 1877 1362 1990 praesagio.

450 1977 555 2066 Nam
575 2012 618 2072 ut
638 1991 806 2080 Platonis
827 1998 960 2086 serunt
977 2035 1021 2086 os
1041 2005 1226 2090 circuisse
1245 2037 1365 2119 spes,

369 2165 372 2171 .
453 2129 492 2188 et
511 2141 559 2192 eo
572 2114 650 2224 die,
664 2150 746 2236 qno
766 2128 952 2239 Virgilius
973 2155 1084 2216 natus
1104 2156 1182 2238 est,
1200 2131 1358 2218 laurum

451 2262 473 2312 e
490 2235 630 2328 tellure
652 2251 837 2358 prodiisse
852 2322 867 2361 ,‚
885 2289 989 2376 qnae
1020 2262 1187 2344 creverit
1221 2259 1358 2365 brevi,

449 2384 492 2444 nt
511 2364 562 2450 de
584 2372 820 2487 tllexsndro,
841 2387 892 2466 de
912 2388 1105 2478 Cicerone
1127 2387 1246 2472 multe
1269 2415 1356 2499 pro·

448 2487 548 2600 digis
571 2527 797 2616 memorent,
811 2511 863 2596 ita
882 2541 1087 2600 comesset
1101 2515 1163 2600 ltin
1178 2515 1301 2600 infans
1316 2516 1356 2599 in

323 2701 331 2714 q
444 2622 604 2708 nutricis
624 2631 725 2740 sinn,
746 2662 921 2755 essetque
935 2647 1066 2728 nutrix
1081 2648 1120 2728 in
1137 2675 1281 2749 mensa,
1295 2673 1355 2728 ac·
1397 2717 1403 2726 .

443 2756 1357 2888 ceptnrnelle,hicambabnsmanibns‚qussdis-

441 2877 1235 2990 solverat,tridebntedstentibnscunetis.
1254 2904 1351 2985 Rur-
1394 2957 1396 2962 ,

440 3036 504 3088 sus
526 3014 730 3103 insomnis
752 3026 855 3110 visus
875 3054 932 3116 est
947 3018 1207 3145 'patrieapere
1229 3061 1351 3114 mam-

440 3163 519 3220 rnas
539 3137 731 3257 alumnae,
746 3181 790 3236 ac
810 3187 872 3240 ess
891 3161 1127 3275 quibusdem
1150 3157 1351 3274 puerisol-

481 3519 529 3606 (t)
544 3521 571 3590 ll
585 3525 615 3590 di
630 3526 672 3594 lui
688 3553 758 3598 vero
772 3553 857 3600 nome
871 3536 1058 3606 battesimste
1074 3537 1106 3604 fn
1120 3537 1272 3604 Duronio
1285 3585 1297 3617 ,
1308 3535 1342 3620 ¹il

436 3619 522 3700 quale
537 3632 634 3711 porcia
648 3655 700 3720 per
716 3657 805 3702 vezzo
818 3637 850 3703 tli
870 3636 970 3723 lingua
985 3641 1009 3704 si
1024 3641 1161 3728 permotis
1176 3643 1207 3705 in
1225 3643 1339 3714 Dante,

435 3725 539 3804 quindi
553 3733 581 3808 ὲ,
591 3733 657 3810 che,
667 3758 719 3822 per
729 3752 842 3826 quanto
855 3762 873 3804 a
884 3762 930 3805 rue
942 3742 1069 3820 sembra,
1082 3745 1182 3808 niente
1199 3759 1339 3830 npnepo-

432 3824 602 3918 sitntlsriva
618 3835 935 3929 sliattessetimologia.
1231 3857 1234 3864 “
