<?xml version="1.0" encoding="UTF-8"?>
<!DOCTYPE html PUBLIC "-//W3C//DTD XHTML 1.0 Transitional//EN"
    "http://www.w3.org/TR/xhtml1/DTD/xhtml1-transitional.dtd">
<html xmlns="http://www.w3.org/1999/xhtml" xml:lang="en" lang="en">
 <head>
  <title>
</title>
<meta http-equiv="Content-Type" content="text/html;charset=utf-8" />
  <meta name='ocr-system' content='tesseract 3.04.00' />
  <meta name='ocr-capabilities' content='ocr_page ocr_carea ocr_par ocr_line ocrx_word'/>
</head>
<body>
  <div class='ocr_page' id='page_1' title='image "./vitadantisaligh01filegoog_0076.png"; bbox 0 0 3240 5042; ppageno 0'>
   <div class='ocr_carea' id='block_1_1' title="bbox 1069 408 1123 493">
    <p class='ocr_par' dir='ltr' id='par_1_1' title="bbox 1069 408 1123 493">
     <span class='ocr_line' id='line_1_1' title="bbox 1069 408 1123 493; baseline 0.056 -3"><span class='ocrx_word' id='word_1_1' title='bbox 1069 408 1123 493; x_wconf 74' lang='lat'><strong>25</strong></span> 
     </span>
    </p>
   </div>
   <div class='ocr_carea' id='block_1_2' title="bbox 163 547 1184 806">
    <p class='ocr_par' dir='ltr' id='par_1_2' title="bbox 163 547 1184 806">
     <span class='ocr_line' id='line_1_2' title="bbox 163 547 1184 676; baseline -0.035 -17"><span class='ocrx_word' id='word_1_2' title='bbox 163 567 166 572; x_wconf 33' lang='lat'>¹</span> <span class='ocrx_word' id='word_1_3' title='bbox 267 562 470 676; x_wconf 80' lang='lat' dir='ltr'>posteritas</span> <span class='ocrx_word' id='word_1_4' title='bbox 485 581 582 644; x_wconf 84' lang='lat' dir='ltr'><strong>esset</strong></span> <span class='ocrx_word' id='word_1_5' title='bbox 603 552 840 672; x_wconf 84' lang='lat' dir='ltr'><strong>reipubiiaaa</strong></span> <span class='ocrx_word' id='word_1_6' title='bbox 854 548 1082 668; x_wconf 84' lang='lat' dir='ltr'><strong>profutura,</strong></span> <span class='ocrx_word' id='word_1_7' title='bbox 1097 547 1184 660; x_wconf 88' lang='lat' dir='ltr'><strong>qui</strong></span> 
     </span>
     <span class='ocr_line' id='line_1_3' title="bbox 275 677 1184 806; baseline -0.031 -26"><span class='ocrx_word' id='word_1_8' title='bbox 275 723 355 806; x_wconf 92' lang='lat' dir='ltr'><strong>que</strong></span> <span class='ocrx_word' id='word_1_9' title='bbox 375 713 622 803; x_wconf 81' lang='lat' dir='ltr'><strong>cognosceret</strong></span> <span class='ocrx_word' id='word_1_10' title='bbox 637 709 846 770; x_wconf 75' lang='lat' dir='ltr'><strong>insutmssa</strong></span> <span class='ocrx_word' id='word_1_11' title='bbox 857 686 988 769; x_wconf 86' lang='lat' dir='ltr'><strong>Deum</strong></span> <span class='ocrx_word' id='word_1_12' title='bbox 1002 677 1184 783; x_wconf 83' lang='lat' dir='ltr'><strong>coniuga-</strong></span> 
     </span>
    </p>
   </div>
   <div class='ocr_carea' id='block_1_3' title="bbox 128 813 1182 932">
    <p class='ocr_par' dir='ltr' id='par_1_3' title="bbox 128 813 1182 932">
     <span class='ocr_line' id='line_1_4' title="bbox 128 813 1182 932; baseline -0.027 -25"><span class='ocrx_word' id='word_1_13' title='bbox 128 921 134 932; x_wconf 29' lang='grc' dir='ltr'>Ι</span> <span class='ocrx_word' id='word_1_14' title='bbox 199 813 208 826; x_wconf 73' lang='grc'><em>’</em></span> <span class='ocrx_word' id='word_1_15' title='bbox 272 815 319 900; x_wconf 82' lang='lat' dir='ltr'><strong>its</strong></span> <span class='ocrx_word' id='word_1_16' title='bbox 340 819 504 931; x_wconf 86' lang='lat' dir='ltr'><strong>copulae</strong></span> <span class='ocrx_word' id='word_1_17' title='bbox 539 814 769 914; x_wconf 86' lang='lat' dir='ltr'><strong>vinculum,</strong></span> <span class='ocrx_word' id='word_1_18' title='bbox 789 834 833 894; x_wconf 93' lang='lat' dir='ltr'><strong>ut</strong></span> <span class='ocrx_word' id='word_1_19' title='bbox 854 829 1086 919; x_wconf 81' lang='lat' dir='ltr'><strong>generattom</strong></span> <span class='ocrx_word' id='word_1_20' title='bbox 1123 829 1182 881; x_wconf 84' lang='lat' dir='ltr'><strong>se-</strong></span> 
     </span>
    </p>
   </div>
   <div class='ocr_carea' id='block_1_4' title="bbox 267 953 1201 2462">
    <p class='ocr_par' dir='ltr' id='par_1_4' title="bbox 271 953 1188 1182">
     <span class='ocr_line' id='line_1_5' title="bbox 273 953 1188 1060; baseline -0.017 -29"><span class='ocrx_word' id='word_1_21' title='bbox 273 972 468 1058; x_wconf 87' lang='lat' dir='ltr'><strong>gonerano</strong></span> <span class='ocrx_word' id='word_1_22' title='bbox 482 970 706 1060; x_wconf 83' lang='lat' dir='ltr'><strong>pararetur</strong></span> <span class='ocrx_word' id='word_1_23' title='bbox 725 965 763 1024; x_wconf 89' lang='lat' dir='ltr'><strong>et</strong></span> <span class='ocrx_word' id='word_1_24' title='bbox 779 971 847 1055; x_wconf 88' lang='lat' dir='ltr'><strong>qm</strong></span> <span class='ocrx_word' id='word_1_25' title='bbox 862 957 976 1020; x_wconf 84' lang='lat' dir='ltr'><strong>senat</strong></span> <span class='ocrx_word' id='word_1_26' title='bbox 990 953 1182 1047; x_wconf 90' lang='lat' dir='ltr'><strong>quantu</strong></span> <span class='ocrx_word' id='word_1_27' title='bbox 1184 1011 1188 1015; x_wconf 85' lang='lat'>.</span> 
     </span>
     <span class='ocr_line' id='line_1_6' title="bbox 271 1059 1182 1185; baseline -0.024 -31"><span class='ocrx_word' id='word_1_28' title='bbox 271 1077 319 1158; x_wconf 90' lang='lat' dir='ltr'><strong>sit</strong></span> <span class='ocrx_word' id='word_1_29' title='bbox 338 1107 411 1185; x_wconf 93' lang='lat' dir='ltr'><strong>suo</strong></span> <span class='ocrx_word' id='word_1_30' title='bbox 433 1074 581 1159; x_wconf 86' lang='lat' dir='ltr'><strong>nomini</strong></span> <span class='ocrx_word' id='word_1_31' title='bbox 602 1104 669 1156; x_wconf 88' lang='lat' dir='ltr'><strong>sua</strong></span> <span class='ocrx_word' id='word_1_32' title='bbox 691 1067 895 1182; x_wconf 75' lang='lat' dir='ltr'>posteritas</span> <span class='ocrx_word' id='word_1_33' title='bbox 915 1059 1182 1145; x_wconf 82' lang='lat' dir='ltr'><strong>conductum</strong></span> 
     </span>
    </p>

    <p class='ocr_par' dir='ltr' id='par_1_5' title="bbox 274 1183 1184 1299">
     <span class='ocr_line' id='line_1_7' title="bbox 274 1183 1184 1299; baseline -0.027 -12"><span class='ocrx_word' id='word_1_34' title='bbox 274 1191 420 1290; x_wconf 81' lang='lat' dir='ltr'>Duxit</span> <span class='ocrx_word' id='word_1_35' title='bbox 409 1205 564 1290; x_wconf 72' lang='lat' dir='ltr'><strong>iuvenis</strong></span> <span class='ocrx_word' id='word_1_36' title='bbox 579 1228 738 1286; x_wconf 84' lang='lat' dir='ltr'><strong>uxorem</strong></span> <span class='ocrx_word' id='word_1_37' title='bbox 753 1197 981 1280; x_wconf 83' lang='lat' dir='ltr'><strong>ditissimam</strong></span> <span class='ocrx_word' id='word_1_38' title='bbox 985 1183 1184 1299; x_wconf 81' lang='lat' dir='ltr'><strong>,pulcher</strong></span> 
     </span>
    </p>

    <p class='ocr_par' dir='ltr' id='par_1_6' title="bbox 275 1299 1184 1462">
     <span class='ocr_line' id='line_1_8' title="bbox 275 1299 1184 1462; baseline -0.022 -54"><span class='ocrx_word' id='word_1_39' title='bbox 275 1329 439 1438; x_wconf 86' lang='lat' dir='ltr'><strong>rimam,</strong></span> <span class='ocrx_word' id='word_1_40' title='bbox 466 1329 778 1450; x_wconf 82' lang='lat' dir='ltr'><strong>pudicissimam,</strong></span> <span class='ocrx_word' id='word_1_41' title='bbox 772 1299 1184 1462; x_wconf 82' lang='lat' dir='ltr'><strong>nobilissimamque</strong></span> 
     </span>
    </p>

    <p class='ocr_par' dir='ltr' id='par_1_7' title="bbox 267 1443 1201 2462">
     <span class='ocr_line' id='line_1_9' title="bbox 270 1443 1182 1570; baseline -0.021 -33"><span class='ocrx_word' id='word_1_42' title='bbox 270 1455 516 1541; x_wconf 79' lang='lat' dir='ltr'><strong>Donatouum</strong></span> <span class='ocrx_word' id='word_1_43' title='bbox 540 1443 680 1570; x_wconf 79' lang='lat' dir='ltr'><strong>familia</strong></span> <span class='ocrx_word' id='word_1_44' title='bbox 714 1453 905 1569; x_wconf 83' lang='lat' dir='ltr'><strong>genitam,</strong></span> <span class='ocrx_word' id='word_1_45' title='bbox 939 1443 1004 1527; x_wconf 86' lang='lat' dir='ltr'><strong>cui</strong></span> <span class='ocrx_word' id='word_1_46' title='bbox 1038 1469 1182 1522; x_wconf 86' lang='lat' dir='ltr'><strong>nomen</strong></span> 
     </span>
     <span class='ocr_line' id='line_1_10' title="bbox 267 1567 1182 1693; baseline -0.015 -29"><span class='ocrx_word' id='word_1_47' title='bbox 267 1607 347 1666; x_wconf 84' lang='lat' dir='ltr'><strong>arat</strong></span> <span class='ocrx_word' id='word_1_48' title='bbox 368 1585 560 1690; x_wconf 84' lang='lat' dir='ltr'><strong>Gemma</strong></span> <span class='ocrx_word' id='word_1_49' title='bbox 583 1613 672 1684; x_wconf 81' lang='lat' dir='ltr'><strong>vera</strong></span> <span class='ocrx_word' id='word_1_50' title='bbox 687 1586 904 1693; x_wconf 87' lang='lat' dir='ltr'><strong>‚inquam‚</strong></span> <span class='ocrx_word' id='word_1_51' title='bbox 925 1595 965 1656; x_wconf 88' lang='lat' dir='ltr'><strong>et</strong></span> <span class='ocrx_word' id='word_1_52' title='bbox 993 1567 1182 1668; x_wconf 73' lang='lat' dir='ltr'><strong>tatoribus,</strong></span> 
     </span>
     <span class='ocr_line' id='line_1_11' title="bbox 274 1701 1189 1826; baseline -0.015 -34"><span class='ocrx_word' id='word_1_53' title='bbox 274 1734 321 1795; x_wconf 89' lang='lat' dir='ltr'><strong>et</strong></span> <span class='ocrx_word' id='word_1_54' title='bbox 334 1715 461 1824; x_wconf 86' lang='lat' dir='ltr'><strong>spacia</strong></span> <span class='ocrx_word' id='word_1_55' title='bbox 481 1707 738 1826; x_wconf 81' lang='lat' dir='ltr'><strong>gemma1(1).</strong></span> <span class='ocrx_word' id='word_1_56' title='bbox 754 1707 861 1792; x_wconf 81' lang='lat' dir='ltr'><strong>Nihil</strong></span> <span class='ocrx_word' id='word_1_57' title='bbox 882 1735 929 1788; x_wconf 81' lang='lat' dir='ltr'><strong>ex</strong></span> <span class='ocrx_word' id='word_1_58' title='bbox 948 1701 995 1783; x_wconf 92' lang='lat' dir='ltr'><strong>iis</strong></span> <span class='ocrx_word' id='word_1_59' title='bbox 1016 1720 1189 1813; x_wconf 79' lang='lat' dir='ltr'><strong>quatuos·¹</strong></span> 
     </span>
     <span class='ocr_line' id='line_1_12' title="bbox 271 1826 1184 1952; baseline -0.014 -36"><span class='ocrx_word' id='word_1_60' title='bbox 271 1834 362 1922; x_wconf 91' lang='lat' dir='ltr'><strong>huic</strong></span> <span class='ocrx_word' id='word_1_61' title='bbox 382 1843 561 1950; x_wconf 87' lang='lat' dir='ltr'><strong>coniugio</strong></span> <span class='ocrx_word' id='word_1_62' title='bbox 594 1838 745 1944; x_wconf 88' lang='lat' dir='ltr'><strong>defuit,</strong></span> <span class='ocrx_word' id='word_1_63' title='bbox 779 1863 880 1952; x_wconf 87' lang='lat' dir='ltr'><strong>quae</strong></span> <span class='ocrx_word' id='word_1_64' title='bbox 913 1826 1020 1944; x_wconf 86' lang='lat' dir='ltr'><strong>apud</strong></span> <span class='ocrx_word' id='word_1_65' title='bbox 1045 1826 1184 1909; x_wconf 82' lang='lat' dir='ltr'><strong>Xeno-</strong></span> 
     </span>
     <span class='ocr_line' id='line_1_13' title="bbox 273 1955 1184 2076; baseline -0.011 -32"><span class='ocrx_word' id='word_1_66' title='bbox 273 1961 429 2073; x_wconf 87' lang='lat' dir='ltr'><strong>phontis</strong></span> <span class='ocrx_word' id='word_1_67' title='bbox 462 1991 673 2076; x_wconf 83' lang='lat' dir='ltr'><strong>tyraanum</strong></span> <span class='ocrx_word' id='word_1_68' title='bbox 705 1995 786 2046; x_wconf 80' lang='lat' dir='ltr'><strong>assa</strong></span> <span class='ocrx_word' id='word_1_69' title='bbox 825 1963 1013 2044; x_wconf 79' lang='lat' dir='ltr'><strong>dicuntur</strong></span> <span class='ocrx_word' id='word_1_70' title='bbox 1046 1955 1090 2050; x_wconf 84' lang='lat' dir='ltr'><strong>iis¹</strong></span> <span class='ocrx_word' id='word_1_71' title='bbox 1126 1955 1184 2034; x_wconf 87' lang='lat' dir='ltr'><strong>in-</strong></span> 
     </span>
     <span class='ocr_line' id='line_1_14' title="bbox 274 2084 1184 2206; baseline -0.012 -33"><span class='ocrx_word' id='word_1_72' title='bbox 274 2092 495 2203; x_wconf 85' lang='lat' dir='ltr'><strong>quirenda,</strong></span> <span class='ocrx_word' id='word_1_73' title='bbox 515 2097 581 2206; x_wconf 92' lang='lat' dir='ltr'><strong>qui</strong></span> <span class='ocrx_word' id='word_1_74' title='bbox 617 2095 690 2174; x_wconf 89' lang='lat' dir='ltr'><strong>sint</strong></span> <span class='ocrx_word' id='word_1_75' title='bbox 712 2121 851 2192; x_wconf 74' lang='lat' dir='ltr'><strong>uxores</strong></span> <span class='ocrx_word' id='word_1_76' title='bbox 871 2084 1048 2169; x_wconf 76' lang='lat' dir='ltr'><strong>ducturi.</strong></span> <span class='ocrx_word' id='word_1_77' title='bbox 1069 2084 1184 2190; x_wconf 85' lang='lat' dir='ltr'><strong>Quos</strong></span> 
     </span>
     <span class='ocr_line' id='line_1_15' title="bbox 273 2208 1187 2329; baseline -0.01 -32"><span class='ocrx_word' id='word_1_78' title='bbox 273 2245 370 2298; x_wconf 83' lang='lat' dir='ltr'><strong>vaso</strong></span> <span class='ocrx_word' id='word_1_79' title='bbox 385 2215 484 2300; x_wconf 87' lang='lat' dir='ltr'><strong>filios</strong></span> <span class='ocrx_word' id='word_1_80' title='bbox 498 2249 546 2302; x_wconf 86' lang='lat' dir='ltr'><strong>ax·</strong></span> <span class='ocrx_word' id='word_1_81' title='bbox 559 2219 627 2300; x_wconf 85' lang='lat' dir='ltr'><strong>hac</strong></span> <span class='ocrx_word' id='word_1_82' title='bbox 642 2220 809 2303; x_wconf 89' lang='lat' dir='ltr'><strong>Gemma</strong></span> <span class='ocrx_word' id='word_1_83' title='bbox 822 2211 1028 2329; x_wconf 81' lang='lat' dir='ltr'><strong>quaesierit</strong></span> <span class='ocrx_word' id='word_1_84' title='bbox 1044 2273 1054 2310; x_wconf 92' lang='lat'>‚</span> <span class='ocrx_word' id='word_1_85' title='bbox 1070 2208 1187 2317; x_wconf 87' lang='lat' dir='ltr'><strong>paulo</strong></span> 
     </span>
     <span class='ocr_line' id='line_1_16' title="bbox 272 2335 1201 2462; baseline -0.012 -36"><span class='ocrx_word' id='word_1_86' title='bbox 272 2341 429 2429; x_wconf 81' lang='lat' dir='ltr'><strong>dicetur</strong></span> <span class='ocrx_word' id='word_1_87' title='bbox 449 2345 637 2455; x_wconf 79' lang='lat' dir='ltr'><strong>inferius3</strong></span> <span class='ocrx_word' id='word_1_88' title='bbox 658 2379 736 2462; x_wconf 84' lang='lat' dir='ltr'><strong>non</strong></span> <span class='ocrx_word' id='word_1_89' title='bbox 757 2370 813 2429; x_wconf 84' lang='lat' dir='ltr'><strong>est</strong></span> <span class='ocrx_word' id='word_1_90' title='bbox 835 2346 899 2426; x_wconf 87' lang='lat' dir='ltr'><strong>hic</strong></span> <span class='ocrx_word' id='word_1_91' title='bbox 928 2337 1105 2423; x_wconf 82' lang='lat' dir='ltr'><strong>narrandi</strong></span> <span class='ocrx_word' id='word_1_92' title='bbox 1126 2335 1201 2416; x_wconf 87' lang='lat' dir='ltr'><strong>lo··</strong></span> 
     </span>
    </p>
   </div>
   <div class='ocr_carea' id='block_1_5' title="bbox 154 2466 1185 2593">
    <p class='ocr_par' dir='ltr' id='par_1_8' title="bbox 154 2466 1185 2593">
     <span class='ocr_line' id='line_1_17' title="bbox 154 2466 1185 2593; baseline -0.01 -35"><span class='ocrx_word' id='word_1_93' title='bbox 154 2579 161 2593; x_wconf 38' lang='lat'><strong>·</strong></span> <span class='ocrx_word' id='word_1_94' title='bbox 273 2474 412 2588; x_wconf 13' lang='lat' dir='ltr'><strong>cusald</strong></span> <span class='ocrx_word' id='word_1_95' title='bbox 433 2499 562 2560; x_wconf 86' lang='lat' dir='ltr'><strong>autem</strong></span> <span class='ocrx_word' id='word_1_96' title='bbox 582 2466 706 2592; x_wconf 83' lang='lat' dir='ltr'><strong>aequa</strong></span> <span class='ocrx_word' id='word_1_97' title='bbox 728 2497 856 2560; x_wconf 87' lang='lat' dir='ltr'><strong>menta</strong></span> <span class='ocrx_word' id='word_1_98' title='bbox 883 2469 982 2554; x_wconf 80' lang='lat' dir='ltr'><strong>farra</strong></span> <span class='ocrx_word' id='word_1_99' title='bbox 1004 2497 1080 2549; x_wconf 88' lang='lat' dir='ltr'><strong>nou</strong></span> <span class='ocrx_word' id='word_1_100' title='bbox 1098 2495 1185 2580; x_wconf 88' lang='lat' dir='ltr'><strong>pos·</strong></span> 
     </span>
    </p>
   </div>
   <div class='ocr_carea' id='block_1_6' title="bbox 268 2871 1235 3189">
    <p class='ocr_par' dir='ltr' id='par_1_9' title="bbox 268 2871 1235 3189">
     <span class='ocr_line' id='line_1_18' title="bbox 311 2871 1235 2987; baseline -0.01 -28"><span class='ocrx_word' id='word_1_101' title='bbox 311 2893 360 2983; x_wconf 90' lang='grc' dir='ltr'><strong>(ι)</strong></span> <span class='ocrx_word' id='word_1_102' title='bbox 376 2871 418 2962; x_wconf 75' lang='lat' dir='ltr'><strong>La</strong></span> <span class='ocrx_word' id='word_1_103' title='bbox 433 2921 515 2987; x_wconf 83' lang='lat' dir='ltr'><strong>prese</strong></span> <span class='ocrx_word' id='word_1_104' title='bbox 540 2902 620 2966; x_wconf 80' lang='lat' dir='ltr'><strong>eirca</strong></span> <span class='ocrx_word' id='word_1_105' title='bbox 636 2898 659 2982; x_wconf 84' lang='lat' dir='ltr'><strong>il</strong></span> <span class='ocrx_word' id='word_1_106' title='bbox 679 2917 784 2987; x_wconf 51' lang='lat'><strong>¹²9¹*</strong></span> <span class='ocrx_word' id='word_1_107' title='bbox 809 2896 936 2960; x_wconf 81' lang='lat' dir='ltr'><strong>siccome</strong></span> <span class='ocrx_word' id='word_1_108' title='bbox 959 2891 1111 2980; x_wconf 84' lang='lat' dir='ltr'><strong>apparisce</strong></span> <span class='ocrx_word' id='word_1_109' title='bbox 1144 2887 1183 2950; x_wconf 83' lang='lat' dir='ltr'><strong>da</strong></span> <span class='ocrx_word' id='word_1_110' title='bbox 1231 2921 1235 2923; x_wconf 95' lang='lat'>·</span> 
     </span>
     <span class='ocr_line' id='line_1_19' title="bbox 268 2987 1182 3084; baseline -0.004 -29"><span class='ocrx_word' id='word_1_111' title='bbox 268 2993 438 3064; x_wconf 83' lang='lat' dir='ltr'><strong>Giannozzo</strong></span> <span class='ocrx_word' id='word_1_112' title='bbox 454 3003 581 3066; x_wconf 88' lang='lat' dir='ltr'><strong>Manetti</strong></span> <span class='ocrx_word' id='word_1_113' title='bbox 596 3000 674 3064; x_wconf 82' lang='lat' dir='ltr'><strong>uella</strong></span> <span class='ocrx_word' id='word_1_114' title='bbox 685 3002 716 3064; x_wconf 88' lang='lat' dir='ltr'><strong>di</strong></span> <span class='ocrx_word' id='word_1_115' title='bbox 732 3000 773 3063; x_wconf 90' lang='lat' dir='ltr'><strong>lui</strong></span> <span class='ocrx_word' id='word_1_116' title='bbox 790 3000 874 3084; x_wconf 82' lang='lat' dir='ltr'><strong>vita,</strong></span> <span class='ocrx_word' id='word_1_117' title='bbox 888 3017 944 3076; x_wconf 82' lang='lat' dir='ltr'><strong>ove</strong></span> <span class='ocrx_word' id='word_1_118' title='bbox 961 2995 1109 3068; x_wconf 86' lang='lat' dir='ltr'><strong>dicendo,</strong></span> <span class='ocrx_word' id='word_1_119' title='bbox 1126 2987 1182 3054; x_wconf 83' lang='lat' dir='ltr'><strong>cha</strong></span> 
     </span>
     <span class='ocr_line' id='line_1_20' title="bbox 268 3092 1178 3189; baseline -0.004 -30"><span class='ocrx_word' id='word_1_120' title='bbox 268 3094 291 3159; x_wconf 86' lang='lat' dir='ltr'><strong>it</strong></span> <span class='ocrx_word' id='word_1_121' title='bbox 307 3096 395 3161; x_wconf 83' lang='lat' dir='ltr'><strong>Poeta</strong></span> <span class='ocrx_word' id='word_1_122' title='bbox 409 3114 510 3166; x_wconf 85' lang='lat' dir='ltr'><strong>nostro</strong></span> <span class='ocrx_word' id='word_1_123' title='bbox 526 3125 591 3166; x_wconf 83' lang='lat' dir='ltr'><strong>non</strong></span> <span class='ocrx_word' id='word_1_124' title='bbox 606 3101 707 3164; x_wconf 84' lang='lat' dir='ltr'><strong>multo</strong></span> <span class='ocrx_word' id='word_1_125' title='bbox 734 3111 809 3189; x_wconf 84' lang='lat' dir='ltr'><strong>post</strong></span> <span class='ocrx_word' id='word_1_126' title='bbox 837 3099 1014 3166; x_wconf 82' lang='lat' dir='ltr'><strong>adamatae</strong></span> <span class='ocrx_word' id='word_1_127' title='bbox 1043 3092 1178 3184; x_wconf 84' lang='lat' dir='ltr'><strong>puellae</strong></span> 
     </span>
    </p>
   </div>
   <div class='ocr_carea' id='block_1_7' title="bbox 168 3195 1179 3287">
    <p class='ocr_par' dir='ltr' id='par_1_10' title="bbox 168 3195 1179 3287">
     <span class='ocr_line' id='line_1_21' title="bbox 168 3195 1179 3287; baseline -0.006 -26"><span class='ocrx_word' id='word_1_128' title='bbox 168 3233 170 3242; x_wconf 83' lang='lat'><em>=</em></span> <span class='ocrx_word' id='word_1_129' title='bbox 267 3195 431 3284; x_wconf 83' lang='lat' dir='ltr'><strong>(Beatriois</strong></span> <span class='ocrx_word' id='word_1_130' title='bbox 443 3201 456 3283; x_wconf 92' lang='lat'>)</span> <span class='ocrx_word' id='word_1_131' title='bbox 470 3202 588 3264; x_wconf 84' lang='lat' dir='ltr'><strong>obitum</strong></span> <span class='ocrx_word' id='word_1_132' title='bbox 604 3205 756 3287; x_wconf 79' lang='lat' dir='ltr'><strong>vigesimo</strong></span> <span class='ocrx_word' id='word_1_133' title='bbox 771 3215 865 3268; x_wconf 79' lang='lat' dir='ltr'><strong>sexto</strong></span> <span class='ocrx_word' id='word_1_134' title='bbox 879 3200 1002 3265; x_wconf 83' lang='lat' dir='ltr'><strong>aetatis</strong></span> <span class='ocrx_word' id='word_1_135' title='bbox 1019 3217 1098 3259; x_wconf 86' lang='lat' dir='ltr'><strong>snae</strong></span> <span class='ocrx_word' id='word_1_136' title='bbox 1110 3197 1179 3256; x_wconf 85' lang='lat' dir='ltr'><strong>cir·</strong></span> 
     </span>
    </p>
   </div>
   <div class='ocr_carea' id='block_1_8' title="bbox 267 3296 1204 3796">
    <p class='ocr_par' dir='ltr' id='par_1_11' title="bbox 267 3296 1204 3796">
     <span class='ocr_line' id='line_1_22' title="bbox 267 3296 1174 3383; baseline 0.002 -23"><span class='ocrx_word' id='word_1_137' title='bbox 267 3299 353 3364; x_wconf 80' lang='lat' dir='ltr'><strong>citer</strong></span> <span class='ocrx_word' id='word_1_138' title='bbox 365 3321 452 3367; x_wconf 83' lang='lat' dir='ltr'><strong>anno</strong></span> <span class='ocrx_word' id='word_1_139' title='bbox 466 3320 598 3367; x_wconf 73' lang='lat' dir='ltr'><strong>usuram</strong></span> <span class='ocrx_word' id='word_1_140' title='bbox 626 3299 772 3383; x_wconf 74' lang='lat' dir='ltr'><strong>occepit.</strong></span> <span class='ocrx_word' id='word_1_141' title='bbox 790 3354 798 3370; x_wconf 87' lang='lat'><strong>.</strong></span> <span class='ocrx_word' id='word_1_142' title='bbox 814 3355 822 3371; x_wconf 88' lang='lat'><strong>.</strong></span> <span class='ocrx_word' id='word_1_143' title='bbox 839 3353 847 3369; x_wconf 93' lang='lat'>.</span> <span class='ocrx_word' id='word_1_144' title='bbox 862 3329 880 3371; x_wconf 79' lang='lat' dir='ltr'><em>e</em></span> <span class='ocrx_word' id='word_1_145' title='bbox 895 3301 1084 3368; x_wconf 76' lang='lat' dir='ltr'><strong>clarissima</strong></span> <span class='ocrx_word' id='word_1_146' title='bbox 1102 3296 1174 3362; x_wconf 89' lang='lat' dir='ltr'><strong>Do-</strong></span> 
     </span>
     <span class='ocr_line' id='line_1_23' title="bbox 271 3397 1173 3492; baseline 0 -28"><span class='ocrx_word' id='word_1_147' title='bbox 271 3411 420 3466; x_wconf 83' lang='lat' dir='ltr'><strong>natorum</strong></span> <span class='ocrx_word' id='word_1_148' title='bbox 424 3403 567 3492; x_wconf 83' lang='lat' dir='ltr'><strong>familia</strong></span> <span class='ocrx_word' id='word_1_149' title='bbox 583 3407 708 3469; x_wconf 84' lang='lat' dir='ltr'><strong>nomine</strong></span> <span class='ocrx_word' id='word_1_150' title='bbox 721 3403 906 3482; x_wconf 77' lang='lat' dir='ltr'><strong>Gemmnm,</strong></span> <span class='ocrx_word' id='word_1_151' title='bbox 895 3401 1036 3482; x_wconf 69' lang='lat' dir='ltr'><strong>sisaim,</strong></span> <span class='ocrx_word' id='word_1_152' title='bbox 1052 3397 1107 3463; x_wconf 89' lang='lat' dir='ltr'><strong>che</strong></span> <span class='ocrx_word' id='word_1_153' title='bbox 1124 3399 1173 3464; x_wconf 79' lang='grc' dir='ltr'><strong>οἱὸ</strong></span> 
     </span>
     <span class='ocr_line' id='line_1_24' title="bbox 276 3502 1182 3604; baseline 0.001 -41"><span class='ocrx_word' id='word_1_154' title='bbox 276 3503 429 3566; x_wconf 84' lang='lat' dir='ltr'><strong>avvanisse</strong></span> <span class='ocrx_word' id='word_1_155' title='bbox 444 3504 465 3567; x_wconf 89' lang='lat' dir='ltr'><strong>il</strong></span> <span class='ocrx_word' id='word_1_156' title='bbox 481 3507 618 3604; x_wconf 85' lang='lat' dir='ltr'><strong>predetto</strong></span> <span class='ocrx_word' id='word_1_157' title='bbox 641 3525 741 3582; x_wconf 87' lang='lat' dir='ltr'><strong>anno,</strong></span> <span class='ocrx_word' id='word_1_158' title='bbox 764 3527 780 3566; x_wconf 85' lang='lat' dir='ltr'>e</span> <span class='ocrx_word' id='word_1_159' title='bbox 804 3503 892 3568; x_wconf 84' lang='lat' dir='ltr'><strong>ah”</strong></span> <span class='ocrx_word' id='word_1_160' title='bbox 866 3529 881 3567; x_wconf 86' lang='lat' dir='ltr'>e</span> <span class='ocrx_word' id='word_1_161' title='bbox 905 3506 932 3567; x_wconf 90' lang='lat' dir='ltr'><strong>vi</strong></span> <span class='ocrx_word' id='word_1_162' title='bbox 960 3527 973 3566; x_wconf 92' lang='lat' dir='ltr'><strong>s</strong></span> <span class='ocrx_word' id='word_1_163' title='bbox 976 3502 1182 3565; x_wconf 84' lang='lat' dir='ltr'><strong>tndueessea</strong></span> 
     </span>
     <span class='ocr_line' id='line_1_25' title="bbox 275 3601 1185 3709; baseline 0.001 -46"><span class='ocrx_word' id='word_1_164' title='bbox 275 3605 461 3688; x_wconf 84' lang='lat' dir='ltr'><strong>persuasione</strong></span> <span class='ocrx_word' id='word_1_165' title='bbox 477 3607 524 3670; x_wconf 89' lang='lat' dir='ltr'><strong>dei</strong></span> <span class='ocrx_word' id='word_1_166' title='bbox 538 3607 602 3672; x_wconf 87' lang='lat' dir='ltr'><strong>suoi</strong></span> <span class='ocrx_word' id='word_1_167' title='bbox 617 3609 756 3709; x_wconf 77' lang='lat' dir='ltr'><strong>parenti,</strong></span> <span class='ocrx_word' id='word_1_168' title='bbox 771 3608 807 3672; x_wconf 88' lang='lat' dir='ltr'><strong>ed</strong></span> <span class='ocrx_word' id='word_1_169' title='bbox 823 3607 909 3670; x_wconf 83' lang='lat' dir='ltr'><strong>amici</strong></span> <span class='ocrx_word' id='word_1_170' title='bbox 926 3626 977 3691; x_wconf 85' lang='lat' dir='ltr'><strong>per</strong></span> <span class='ocrx_word' id='word_1_171' title='bbox 992 3601 1185 3665; x_wconf 78' lang='lat' dir='ltr'><strong>alleviamen-</strong></span> 
     </span>
     <span class='ocr_line' id='line_1_26' title="bbox 278 3689 1204 3796; baseline 0.002 -30"><span class='ocrx_word' id='word_1_172' title='bbox 278 3701 371 3766; x_wconf 78' lang='lat' dir='ltr'><strong>sodet</strong></span> <span class='ocrx_word' id='word_1_173' title='bbox 386 3727 438 3771; x_wconf 82' lang='lat' dir='ltr'><strong>suo</strong></span> <span class='ocrx_word' id='word_1_174' title='bbox 452 3707 574 3774; x_wconf 84' lang='lat' dir='ltr'><strong>dolore.</strong></span> <span class='ocrx_word' id='word_1_175' title='bbox 589 3689 652 3773; x_wconf 89' lang='lat' dir='ltr'><strong>Con</strong></span> <span class='ocrx_word' id='word_1_176' title='bbox 665 3731 726 3774; x_wconf 83' lang='lat' dir='ltr'><strong>essa</strong></span> <span class='ocrx_word' id='word_1_177' title='bbox 742 3709 965 3796; x_wconf 80' lang='lat' dir='ltr'><strong>pe1·i›,siccoma</strong></span> <span class='ocrx_word' id='word_1_178' title='bbox 980 3705 1082 3780; x_wconf 69' lang='lat' dir='ltr'><strong>(linesi,</strong></span> <span class='ocrx_word' id='word_1_179' title='bbox 1101 3705 1186 3790; x_wconf 79' lang='lat' dir='ltr'><strong>passi)</strong></span> <span class='ocrx_word' id='word_1_180' title='bbox 1201 3723 1204 3728; x_wconf 85' lang='lat'>·</span> 
     </span>
    </p>
   </div>
   <div class='ocr_carea' id='block_1_9' title="bbox 278 3803 1099 3898">
    <p class='ocr_par' dir='ltr' id='par_1_12' title="bbox 278 3803 1099 3898">
     <span class='ocr_line' id='line_1_27' title="bbox 278 3803 1099 3898; baseline 0.011 -31"><span class='ocrx_word' id='word_1_181' title='bbox 278 3803 300 3868; x_wconf 77' lang='grc' dir='ltr'><strong>Ρ</strong></span> <span class='ocrx_word' id='word_1_182' title='bbox 312 3806 414 3878; x_wconf 74' lang='lat' dir='ltr'><strong>istaut</strong></span> <span class='ocrx_word' id='word_1_183' title='bbox 427 3812 583 3880; x_wconf 80' lang='lat' dir='ltr'><strong>concordia</strong></span> <span class='ocrx_word' id='word_1_184' title='bbox 598 3856 609 3891; x_wconf 91' lang='lat'><em>,</em></span> <span class='ocrx_word' id='word_1_185' title='bbox 625 3809 718 3879; x_wconf 71' lang='lat' dir='ltr'>chef</span> <span class='ocrx_word' id='word_1_186' title='bbox 714 3834 746 3878; x_wconf 88' lang='lat' dir='ltr'><strong>ra</strong></span> <span class='ocrx_word' id='word_1_187' title='bbox 764 3813 898 3890; x_wconf 82' lang='lat' dir='ltr'><strong>Socrate,</strong></span> <span class='ocrx_word' id='word_1_188' title='bbox 913 3835 928 3876; x_wconf 85' lang='lat' dir='ltr'>e</span> <span class='ocrx_word' id='word_1_189' title='bbox 945 3811 1099 3898; x_wconf 86' lang='lat' dir='ltr'><strong>Santippe.</strong></span> 
     </span>
    </p>
   </div>
   <div class='ocr_carea' id='block_1_10' title="bbox 0 0 1624 5042">
    <p class='ocr_par' dir='ltr' id='par_1_13' title="bbox 0 0 1624 5042">
     <span class='ocr_line' id='line_1_28' title="bbox 0 0 1624 5042; baseline 0 0"><span class='ocrx_word' id='word_1_190' title='bbox 0 0 1624 5042; x_wconf 95' lang='lat' dir='ltr'><strong> </strong></span> 
     </span>
    </p>
   </div>
  </div>
 </body>
</html>
