<?xml version="1.0" encoding="UTF-8"?>
<!DOCTYPE html PUBLIC "-//W3C//DTD XHTML 1.0 Transitional//EN"
    "http://www.w3.org/TR/xhtml1/DTD/xhtml1-transitional.dtd">
<html xmlns="http://www.w3.org/1999/xhtml" xml:lang="en" lang="en">
 <head>
  <title>
</title>
<meta http-equiv="Content-Type" content="text/html;charset=utf-8" />
  <meta name='ocr-system' content='tesseract 3.04.00' />
  <meta name='ocr-capabilities' content='ocr_page ocr_carea ocr_par ocr_line ocrx_word'/>
</head>
<body>
  <div class='ocr_page' id='page_1' title='image "./vitadantisaligh01filegoog_0192.png"; bbox 0 0 3218 5064; ppageno 0'>
   <div class='ocr_carea' id='block_1_1' title="bbox 217 433 1314 2236">
    <p class='ocr_par' dir='ltr' id='par_1_1' title="bbox 217 433 1314 2236">
     <span class='ocr_line' id='line_1_1' title="bbox 1058 433 1131 537; baseline 0 -21"><span class='ocrx_word' id='word_1_1' title='bbox 1058 433 1131 537; x_wconf 66' lang='lat'><strong>141</strong></span> 
     </span>
     <span class='ocr_line' id='line_1_2' title="bbox 284 571 1203 668; baseline 0 -26"><span class='ocrx_word' id='word_1_2' title='bbox 284 589 423 659; x_wconf 81' lang='lat' dir='ltr'><strong>amnes,</strong></span> <span class='ocrx_word' id='word_1_3' title='bbox 439 591 592 668; x_wconf 83' lang='lat' dir='ltr'><strong>quorum</strong></span> <span class='ocrx_word' id='word_1_4' title='bbox 609 591 683 641; x_wconf 91' lang='lat' dir='ltr'><strong>non</strong></span> <span class='ocrx_word' id='word_1_5' title='bbox 699 591 809 666; x_wconf 86' lang='lat' dir='ltr'><strong>parva</strong></span> <span class='ocrx_word' id='word_1_6' title='bbox 824 571 945 668; x_wconf 84' lang='lat' dir='ltr'><strong>cupii,</strong></span> <span class='ocrx_word' id='word_1_7' title='bbox 963 580 1005 642; x_wconf 90' lang='lat' dir='ltr'><strong>ut</strong></span> <span class='ocrx_word' id='word_1_8' title='bbox 1020 591 1065 642; x_wconf 83' lang='lat' dir='ltr'><strong>ex</strong></span> <span class='ocrx_word' id='word_1_9' title='bbox 1077 593 1203 642; x_wconf 85' lang='lat' dir='ltr'><strong>eornm</strong></span> 
     </span>
     <span class='ocr_line' id='line_1_3' title="bbox 285 679 1232 780; baseline -0.002 -24"><span class='ocrx_word' id='word_1_10' title='bbox 285 679 562 756; x_wconf 80' lang='lat' dir='ltr'><strong>attestationibus</strong></span> <span class='ocrx_word' id='word_1_11' title='bbox 580 679 704 756; x_wconf 83' lang='lat' dir='ltr'><strong>videre</strong></span> <span class='ocrx_word' id='word_1_12' title='bbox 733 682 867 778; x_wconf 88' lang='lat' dir='ltr'><strong>poterit</strong></span> <span class='ocrx_word' id='word_1_13' title='bbox 881 694 1042 780; x_wconf 83' lang='lat' dir='ltr'><strong>,quanta</strong></span> <span class='ocrx_word' id='word_1_14' title='bbox 1070 680 1202 754; x_wconf 79' lang='lat' dir='ltr'><strong>quen·</strong></span> <span class='ocrx_word' id='word_1_15' title='bbox 1227 731 1232 740; x_wconf 88' lang='lat'>·</span> 
     </span>
     <span class='ocr_line' id='line_1_4' title="bbox 286 788 1206 892; baseline -0.003 -26"><span class='ocrx_word' id='word_1_16' title='bbox 286 803 392 866; x_wconf 82' lang='lat' dir='ltr'><strong>utem</strong></span> <span class='ocrx_word' id='word_1_17' title='bbox 404 816 551 868; x_wconf 91' lang='lat' dir='ltr'><strong>omnem</strong></span> <span class='ocrx_word' id='word_1_18' title='bbox 559 794 672 865; x_wconf 87' lang='lat' dir='ltr'><strong>istam</strong></span> <span class='ocrx_word' id='word_1_19' title='bbox 684 788 874 865; x_wconf 88' lang='lat' dir='ltr'><strong>florentem</strong></span> <span class='ocrx_word' id='word_1_20' title='bbox 878 804 1024 892; x_wconf 87' lang='lat' dir='ltr'><strong>,quanta</strong></span> <span class='ocrx_word' id='word_1_21' title='bbox 1038 792 1206 892; x_wconf 85' lang='lat' dir='ltr'><strong>denique,</strong></span> 
     </span>
     <span class='ocr_line' id='line_1_5' title="bbox 285 903 1206 1004; baseline 0 -28"><span class='ocrx_word' id='word_1_22' title='bbox 285 913 437 1004; x_wconf 89' lang='lat' dir='ltr'><strong>etquam</strong></span> <span class='ocrx_word' id='word_1_23' title='bbox 449 912 609 977; x_wconf 82' lang='lat' dir='ltr'><strong>maxima</strong></span> <span class='ocrx_word' id='word_1_24' title='bbox 622 905 808 978; x_wconf 89' lang='lat' dir='ltr'><strong>civitatem</strong></span> <span class='ocrx_word' id='word_1_25' title='bbox 822 903 1038 977; x_wconf 87' lang='lat' dir='ltr'><strong>universam.</strong></span> <span class='ocrx_word' id='word_1_26' title='bbox 1047 904 1206 1001; x_wconf 85' lang='lat' dir='ltr'><strong>Quapro-</strong></span> 
     </span>
     <span class='ocr_line' id='line_1_6' title="bbox 282 1012 1202 1116; baseline 0 -30"><span class='ocrx_word' id='word_1_27' title='bbox 282 1026 353 1114; x_wconf 89' lang='lat' dir='ltr'><strong>pter</strong></span> <span class='ocrx_word' id='word_1_28' title='bbox 368 1013 540 1114; x_wconf 85' lang='lat' dir='ltr'><strong>proferat,</strong></span> <span class='ocrx_word' id='word_1_29' title='bbox 557 1016 759 1116; x_wconf 80' lang='lat' dir='ltr'><strong>precamur,</strong></span> <span class='ocrx_word' id='word_1_30' title='bbox 774 1039 816 1086; x_wconf 92' lang='lat' dir='ltr'><strong>ac</strong></span> <span class='ocrx_word' id='word_1_31' title='bbox 833 1012 1098 1114; x_wconf 79' lang='lat' dir='ltr'><strong>supplicamus,</strong></span> <span class='ocrx_word' id='word_1_32' title='bbox 1117 1013 1202 1086; x_wconf 88' lang='lat' dir='ltr'><strong>San·</strong></span> 
     </span>
     <span class='ocr_line' id='line_1_7' title="bbox 285 1126 1205 1224; baseline 0.002 -26"><span class='ocrx_word' id='word_1_33' title='bbox 285 1127 382 1201; x_wconf 77' lang='lat' dir='ltr'><strong>citas</strong></span> <span class='ocrx_word' id='word_1_34' title='bbox 399 1130 447 1206; x_wconf 77' lang='lat' dir='ltr'><strong>V·</strong></span> <span class='ocrx_word' id='word_1_35' title='bbox 464 1152 509 1202; x_wconf 83' lang='lat' dir='ltr'><strong>ex</strong></span> <span class='ocrx_word' id='word_1_36' title='bbox 526 1129 659 1204; x_wconf 91' lang='lat' dir='ltr'><strong>intima</strong></span> <span class='ocrx_word' id='word_1_37' title='bbox 675 1126 740 1202; x_wconf 89' lang='lat' dir='ltr'><strong>illa</strong></span> <span class='ocrx_word' id='word_1_38' title='bbox 758 1131 813 1199; x_wconf 92' lang='lat' dir='ltr'><strong>sui</strong></span> <span class='ocrx_word' id='word_1_39' title='bbox 829 1127 1053 1224; x_wconf 75' lang='lat' dir='ltr'><strong>benignitate</strong></span> <span class='ocrx_word' id='word_1_40' title='bbox 1065 1149 1114 1216; x_wconf 79' lang='lat' dir='ltr'><strong>,a</strong></span> <span class='ocrx_word' id='word_1_41' title='bbox 1135 1150 1205 1224; x_wconf 87' lang='lat' dir='ltr'><strong>qua</strong></span> 
     </span>
     <span class='ocr_line' id='line_1_8' title="bbox 284 1234 1204 1343; baseline -0.008 -29"><span class='ocrx_word' id='word_1_42' title='bbox 284 1235 441 1340; x_wconf 66' lang='lat' dir='ltr'><strong>abnegari</strong></span> <span class='ocrx_word' id='word_1_43' title='bbox 470 1243 664 1343; x_wconf 86' lang='lat' dir='ltr'><strong>quicquam</strong></span> <span class='ocrx_word' id='word_1_44' title='bbox 695 1240 921 1314; x_wconf 78' lang='lat' dir='ltr'><strong>Academicis</strong></span> <span class='ocrx_word' id='word_1_45' title='bbox 939 1234 992 1311; x_wconf 84' lang='lat' dir='ltr'><strong>fas</strong></span> <span class='ocrx_word' id='word_1_46' title='bbox 1020 1261 1092 1310; x_wconf 93' lang='lat' dir='ltr'><strong>non</strong></span> <span class='ocrx_word' id='word_1_47' title='bbox 1127 1250 1204 1328; x_wconf 87' lang='lat' dir='ltr'><strong>cst,</strong></span> 
     </span>
     <span class='ocr_line' id='line_1_9' title="bbox 283 1351 1314 1453; baseline -0.005 -27"><span class='ocrx_word' id='word_1_48' title='bbox 283 1355 472 1426; x_wconf 75' lang='lat' dir='ltr'><strong>mirificum</strong></span> <span class='ocrx_word' id='word_1_49' title='bbox 488 1353 705 1428; x_wconf 89' lang='lat' dir='ltr'><strong>clementiae</strong></span> <span class='ocrx_word' id='word_1_50' title='bbox 721 1377 854 1452; x_wconf 84' lang='lat' dir='ltr'><strong>genus:</strong></span> <span class='ocrx_word' id='word_1_51' title='bbox 874 1375 940 1424; x_wconf 92' lang='lat' dir='ltr'><strong>nec</strong></span> <span class='ocrx_word' id='word_1_52' title='bbox 959 1351 1114 1450; x_wconf 85' lang='lat' dir='ltr'><strong>patietur</strong></span> <span class='ocrx_word' id='word_1_53' title='bbox 1140 1374 1203 1422; x_wconf 91' lang='lat' dir='ltr'><strong>suo</strong></span> <span class='ocrx_word' id='word_1_54' title='bbox 1311 1449 1314 1453; x_wconf 17' lang='grc' dir='ltr'>ι</span> 
     </span>
     <span class='ocr_line' id='line_1_10' title="bbox 284 1459 1194 1562; baseline -0.008 -26"><span class='ocrx_word' id='word_1_55' title='bbox 284 1488 426 1538; x_wconf 87' lang='lat' dir='ltr'><strong>mvnere</strong></span> <span class='ocrx_word' id='word_1_56' title='bbox 442 1465 540 1539; x_wconf 86' lang='lat' dir='ltr'><strong>hunc</strong></span> <span class='ocrx_word' id='word_1_57' title='bbox 568 1467 688 1540; x_wconf 88' lang='lat' dir='ltr'><strong>locum</strong></span> <span class='ocrx_word' id='word_1_58' title='bbox 701 1491 703 1496; x_wconf 73' lang='grc'>’</span> <span class='ocrx_word' id='word_1_59' title='bbox 716 1463 944 1538; x_wconf 85' lang='lat' dir='ltr'><strong>defraudari.</strong></span> <span class='ocrx_word' id='word_1_60' title='bbox 963 1459 1091 1542; x_wconf 80' lang='lat' dir='ltr'><strong>lubeat</strong></span> <span class='ocrx_word' id='word_1_61' title='bbox 1108 1485 1194 1562; x_wconf 83' lang='lat' dir='ltr'><strong>pev·-.</strong></span> 
     </span>
     <span class='ocr_line' id='line_1_11' title="bbox 284 1573 1199 1672; baseline -0.003 -24"><span class='ocrx_word' id='word_1_62' title='bbox 284 1577 366 1652; x_wconf 81' lang='lat' dir='ltr'><strong>sulti</strong></span> <span class='ocrx_word' id='word_1_63' title='bbox 384 1575 453 1651; x_wconf 84' lang='lat' dir='ltr'><strong>sibi</strong></span> <span class='ocrx_word' id='word_1_64' title='bbox 470 1573 630 1652; x_wconf 81' lang='lat' dir='ltr'><strong>annuam</strong></span> <span class='ocrx_word' id='word_1_65' title='bbox 662 1577 865 1651; x_wconf 84' lang='lat' dir='ltr'><strong>mercedem</strong></span> <span class='ocrx_word' id='word_1_66' title='bbox 893 1573 997 1648; x_wconf 89' lang='lat' dir='ltr'><strong>illam</strong></span> <span class='ocrx_word' id='word_1_67' title='bbox 1010 1591 1028 1662; x_wconf 69' lang='lat'><strong>,¹</strong></span> <span class='ocrx_word' id='word_1_68' title='bbox 1040 1597 1086 1646; x_wconf 89' lang='lat' dir='ltr'><strong>ne</strong></span> <span class='ocrx_word' id='word_1_69' title='bbox 1104 1573 1199 1672; x_wconf 88' lang='lat' dir='ltr'><strong>quod</strong></span> 
     </span>
     <span class='ocr_line' id='line_1_12' title="bbox 217 1685 1200 1784; baseline -0.005 -23"><span class='ocrx_word' id='word_1_70' title='bbox 217 1765 224 1772; x_wconf 75' lang='grc'><em>,</em></span> <span class='ocrx_word' id='word_1_71' title='bbox 279 1701 373 1760; x_wconf 88' lang='lat' dir='ltr'><strong>vetus</strong></span> <span class='ocrx_word' id='word_1_72' title='bbox 388 1699 442 1765; x_wconf 89' lang='lat' dir='ltr'><strong>sui</strong></span> <span class='ocrx_word' id='word_1_73' title='bbox 460 1694 498 1765; x_wconf 94' lang='lat' dir='ltr'><strong>in</strong></span> <span class='ocrx_word' id='word_1_74' title='bbox 516 1691 749 1784; x_wconf 80' lang='lat' dir='ltr'><strong>Academicos</strong></span> <span class='ocrx_word' id='word_1_75' title='bbox 765 1715 865 1764; x_wconf 88' lang='lat' dir='ltr'><strong>amor</strong></span> <span class='ocrx_word' id='word_1_76' title='bbox 881 1690 1069 1762; x_wconf 82' lang='lat' dir='ltr'><strong>constituit</strong></span> <span class='ocrx_word' id='word_1_77' title='bbox 1081 1737 1093 1776; x_wconf 86' lang='lat'><strong>,</strong></span> <span class='ocrx_word' id='word_1_78' title='bbox 1107 1685 1200 1764; x_wconf 90' lang='lat' dir='ltr'><strong>alio-</strong></span> 
     </span>
     <span class='ocr_line' id='line_1_13' title="bbox 284 1800 1285 1901; baseline 0 -32"><span class='ocrx_word' id='word_1_79' title='bbox 284 1822 359 1875; x_wconf 81' lang='lat' dir='ltr'><strong>rum</strong></span> <span class='ocrx_word' id='word_1_80' title='bbox 377 1805 540 1896; x_wconf 88' lang='lat' dir='ltr'><strong>invidia,</strong></span> <span class='ocrx_word' id='word_1_81' title='bbox 556 1817 618 1878; x_wconf 89' lang='lat' dir='ltr'><strong>aut</strong></span> <span class='ocrx_word' id='word_1_82' title='bbox 635 1803 880 1877; x_wconf 80' lang='lat' dir='ltr'><strong>malivolentia</strong></span> <span class='ocrx_word' id='word_1_83' title='bbox 897 1802 1116 1901; x_wconf 76' lang='lat' dir='ltr'><strong>intercipiat..</strong></span> <span class='ocrx_word' id='word_1_84' title='bbox 1131 1800 1205 1875; x_wconf 76' lang='lat' dir='ltr'><strong>Ac·</strong></span> <span class='ocrx_word' id='word_1_85' title='bbox 1281 1819 1285 1841; x_wconf 69' lang='lat'><em>&#39;</em></span> 
     </span>
     <span class='ocr_line' id='line_1_14' title="bbox 282 1911 1202 2012; baseline 0.002 -28"><span class='ocrx_word' id='word_1_86' title='bbox 282 1911 385 2012; x_wconf 82' lang='lat' dir='ltr'><strong>cipiet</strong></span> <span class='ocrx_word' id='word_1_87' title='bbox 399 1917 446 1993; x_wconf 84' lang='lat' dir='ltr'><strong>V.</strong></span> <span class='ocrx_word' id='word_1_88' title='bbox 464 1917 591 1993; x_wconf 86' lang='lat' dir='ltr'><strong>eadem</strong></span> <span class='ocrx_word' id='word_1_89' title='bbox 608 1917 785 1996; x_wconf 84' lang='lat' dir='ltr'><strong>Sanctitas</strong></span> <span class='ocrx_word' id='word_1_90' title='bbox 798 1913 843 1988; x_wconf 91' lang='lat' dir='ltr'><strong>ab</strong></span> <span class='ocrx_word' id='word_1_91' title='bbox 856 1915 1001 2004; x_wconf 83' lang='lat' dir='ltr'><strong>Vrsinc,</strong></span> <span class='ocrx_word' id='word_1_92' title='bbox 1017 1926 1123 2010; x_wconf 83' lang='lat' dir='ltr'><strong>atque</strong></span> <span class='ocrx_word' id='word_1_93' title='bbox 1135 1911 1202 1986; x_wconf 82' lang='lat' dir='ltr'><strong>tt-</strong></span> 
     </span>
     <span class='ocr_line' id='line_1_15' title="bbox 286 2022 1202 2125; baseline -0.002 -30"><span class='ocrx_word' id='word_1_94' title='bbox 286 2022 397 2125; x_wconf 81' lang='lat' dir='ltr'><strong>pharo</strong></span> <span class='ocrx_word' id='word_1_95' title='bbox 412 2031 625 2105; x_wconf 78' lang='lat' dir='ltr'><strong>Oratoribus</strong></span> <span class='ocrx_word' id='word_1_96' title='bbox 642 2055 788 2104; x_wconf 91' lang='lat' dir='ltr'><strong>omnem</strong></span> <span class='ocrx_word' id='word_1_97' title='bbox 806 2030 919 2100; x_wconf 88' lang='lat' dir='ltr'><strong>nostri</strong></span> <span class='ocrx_word' id='word_1_98' title='bbox 935 2024 1122 2100; x_wconf 79' lang='lat' dir='ltr'><strong>ardentem</strong></span> <span class='ocrx_word' id='word_1_99' title='bbox 1141 2048 1202 2094; x_wconf 92' lang='lat' dir='ltr'><strong>cn·</strong></span> 
     </span>
     <span class='ocr_line' id='line_1_16' title="bbox 286 2125 1203 2236; baseline 0.001 -28"><span class='ocrx_word' id='word_1_100' title='bbox 286 2138 468 2236; x_wconf 81' lang='lat' dir='ltr'><strong>pidilrtcm</strong></span> <span class='ocrx_word' id='word_1_101' title='bbox 484 2171 493 2216; x_wconf 92' lang='lat'><strong>:</strong></span> <span class='ocrx_word' id='word_1_102' title='bbox 512 2169 570 2217; x_wconf 88' lang='lat' dir='ltr'><strong>ens</strong></span> <span class='ocrx_word' id='word_1_103' title='bbox 586 2146 685 2216; x_wconf 87' lang='lat' dir='ltr'><strong>enim</strong></span> <span class='ocrx_word' id='word_1_104' title='bbox 702 2143 746 2215; x_wconf 91' lang='lat' dir='ltr'><strong>ad</strong></span> <span class='ocrx_word' id='word_1_105' title='bbox 764 2140 866 2214; x_wconf 89' lang='lat' dir='ltr'><strong>illam</strong></span> <span class='ocrx_word' id='word_1_106' title='bbox 879 2125 1102 2211; x_wconf 83' lang='lat' dir='ltr'><strong>decrevimus</strong></span> <span class='ocrx_word' id='word_1_107' title='bbox 1120 2161 1203 2235; x_wconf 91' lang='lat' dir='ltr'><strong>sup-</strong></span> 
     </span>
    </p>
   </div>
   <div class='ocr_carea' id='block_1_2' title="bbox 275 2233 1415 2352">
    <p class='ocr_par' dir='ltr' id='par_1_2' title="bbox 275 2233 1415 2352">
     <span class='ocr_line' id='line_1_17' title="bbox 275 2233 1415 2352; baseline 0.003 -32"><span class='ocrx_word' id='word_1_108' title='bbox 275 2248 483 2348; x_wconf 76' lang='lat' dir='ltr'><strong>plicandam</strong></span> <span class='ocrx_word' id='word_1_109' title='bbox 500 2306 509 2326; x_wconf 90' lang='lat'><strong>.</strong></span> <span class='ocrx_word' id='word_1_110' title='bbox 527 2255 572 2328; x_wconf 90' lang='lat' dir='ltr'><strong>Id</strong></span> <span class='ocrx_word' id='word_1_111' title='bbox 588 2258 617 2328; x_wconf 93' lang='lat' dir='ltr'><strong>si</strong></span> <span class='ocrx_word' id='word_1_112' title='bbox 632 2254 679 2328; x_wconf 87' lang='lat' dir='ltr'><strong>ab</strong></span> <span class='ocrx_word' id='word_1_113' title='bbox 694 2280 734 2325; x_wconf 87' lang='lat' dir='ltr'><strong>ea</strong></span> <span class='ocrx_word' id='word_1_114' title='bbox 746 2251 922 2352; x_wconf 75' lang='lat' dir='ltr'><strong>peculiari</strong></span> <span class='ocrx_word' id='word_1_115' title='bbox 935 2287 938 2294; x_wconf 93' lang='lat'>·</span> <span class='ocrx_word' id='word_1_116' title='bbox 952 2247 1016 2322; x_wconf 91' lang='lat' dir='ltr'><strong>illa</strong></span> <span class='ocrx_word' id='word_1_117' title='bbox 1045 2272 1135 2339; x_wconf 85' lang='lat' dir='ltr'><strong>sun,</strong></span> <span class='ocrx_word' id='word_1_118' title='bbox 1161 2273 1202 2322; x_wconf 92' lang='lat' dir='ltr'><strong>ac</strong></span> <span class='ocrx_word' id='word_1_119' title='bbox 1307 2251 1311 2264; x_wconf 92' lang='lat'><em>&#39;</em></span> <span class='ocrx_word' id='word_1_120' title='bbox 1408 2233 1415 2250; x_wconf 72' lang='grc'><strong><em>’</em></strong></span> 
     </span>
    </p>
   </div>
   <div class='ocr_carea' id='block_1_3' title="bbox 237 2361 1214 3808">
    <p class='ocr_par' dir='ltr' id='par_1_3' title="bbox 237 2361 1214 3808">
     <span class='ocr_line' id='line_1_18' title="bbox 283 2361 1200 2467; baseline 0.002 -37"><span class='ocrx_word' id='word_1_121' title='bbox 283 2363 414 2460; x_wconf 81' lang='lat' dir='ltr'><strong>saepire</strong></span> <span class='ocrx_word' id='word_1_122' title='bbox 447 2370 601 2467; x_wconf 88' lang='lat' dir='ltr'><strong>repetita</strong></span> <span class='ocrx_word' id='word_1_123' title='bbox 640 2368 859 2457; x_wconf 84' lang='lat' dir='ltr'><strong>clementia,</strong></span> <span class='ocrx_word' id='word_1_124' title='bbox 886 2376 928 2436; x_wconf 91' lang='lat' dir='ltr'><strong>ut</strong></span> <span class='ocrx_word' id='word_1_125' title='bbox 961 2361 1200 2456; x_wconf 84' lang='lat' dir='ltr'><strong>confidimus,</strong></span> 
     </span>
     <span class='ocr_line' id='line_1_19' title="bbox 283 2472 1202 2577; baseline 0.005 -36"><span class='ocrx_word' id='word_1_126' title='bbox 283 2472 610 2572; x_wconf 86' lang='lat' dir='ltr'><strong>impetraverimus,</strong></span> <span class='ocrx_word' id='word_1_127' title='bbox 642 2478 808 2576; x_wconf 79' lang='lat' dir='ltr'><strong>frigentes</strong></span> <span class='ocrx_word' id='word_1_128' title='bbox 837 2499 970 2577; x_wconf 80' lang='lat' dir='ltr'><strong>prope,</strong></span> <span class='ocrx_word' id='word_1_129' title='bbox 987 2497 1027 2550; x_wconf 86' lang='lat' dir='ltr'><strong>ac</strong></span> <span class='ocrx_word' id='word_1_130' title='bbox 1044 2474 1202 2548; x_wconf 88' lang='lat' dir='ltr'><strong>iacentes</strong></span> 
     </span>
     <span class='ocr_line' id='line_1_20' title="bbox 281 2583 1198 2692; baseline 0.004 -38"><span class='ocrx_word' id='word_1_131' title='bbox 281 2583 416 2678; x_wconf 83' lang='lat' dir='ltr'><strong>Musas,</strong></span> <span class='ocrx_word' id='word_1_132' title='bbox 434 2590 621 2664; x_wconf 89' lang='lat' dir='ltr'><strong>labantem</strong></span> <span class='ocrx_word' id='word_1_133' title='bbox 640 2591 874 2664; x_wconf 82' lang='lat' dir='ltr'><strong>Academiam</strong></span> <span class='ocrx_word' id='word_1_134' title='bbox 905 2610 977 2660; x_wconf 92' lang='lat' dir='ltr'><strong>non</strong></span> <span class='ocrx_word' id='word_1_135' title='bbox 1007 2583 1126 2692; x_wconf 82' lang='lat' dir='ltr'><strong>solum</strong></span> <span class='ocrx_word' id='word_1_136' title='bbox 1157 2588 1198 2658; x_wconf 89' lang='lat' dir='ltr'><strong>in</strong></span> 
     </span>
     <span class='ocr_line' id='line_1_21' title="bbox 284 2689 1201 2794; baseline 0.011 -32"><span class='ocrx_word' id='word_1_137' title='bbox 284 2691 398 2770; x_wconf 89' lang='lat' dir='ltr'><strong>lucem</strong></span> <span class='ocrx_word' id='word_1_138' title='bbox 422 2707 667 2794; x_wconf 81' lang='lat' dir='ltr'><strong>revocaverit,</strong></span> <span class='ocrx_word' id='word_1_139' title='bbox 697 2717 733 2775; x_wconf 88' lang='lat' dir='ltr'><strong>et</strong></span> <span class='ocrx_word' id='word_1_140' title='bbox 761 2703 806 2774; x_wconf 87' lang='lat' dir='ltr'><strong>ad</strong></span> <span class='ocrx_word' id='word_1_141' title='bbox 834 2699 974 2773; x_wconf 89' lang='lat' dir='ltr'><strong>coelum</strong></span> <span class='ocrx_word' id='word_1_142' title='bbox 1006 2689 1201 2790; x_wconf 72' lang='lat' dir='ltr'><strong>extulerit,</strong></span> 
     </span>
     <span class='ocr_line' id='line_1_22' title="bbox 276 2808 1196 2907; baseline 0.003 -26"><span class='ocrx_word' id='word_1_143' title='bbox 276 2808 342 2882; x_wconf 62' lang='lat' dir='ltr'><strong>sed</strong></span> <span class='ocrx_word' id='word_1_144' title='bbox 360 2813 535 2891; x_wconf 75' lang='lat' dir='ltr'><strong>universae</strong></span> <span class='ocrx_word' id='word_1_145' title='bbox 554 2820 744 2907; x_wconf 83' lang='lat' dir='ltr'><strong>Etruriae,</strong></span> <span class='ocrx_word' id='word_1_146' title='bbox 762 2841 807 2888; x_wconf 85' lang='lat' dir='ltr'><strong>ne</strong></span> <span class='ocrx_word' id='word_1_147' title='bbox 825 2817 987 2889; x_wconf 82' lang='lat' dir='ltr'><strong>dicamus</strong></span> <span class='ocrx_word' id='word_1_148' title='bbox 1005 2813 1090 2888; x_wconf 89' lang='lat' dir='ltr'><strong>huic</strong></span> <span class='ocrx_word' id='word_1_149' title='bbox 1107 2814 1196 2887; x_wconf 89' lang='lat' dir='ltr'><strong>civi·</strong></span> 
     </span>
     <span class='ocr_line' id='line_1_23' title="bbox 280 2918 1191 3028; baseline 0.002 -33"><span class='ocrx_word' id='word_1_150' title='bbox 280 2918 370 3009; x_wconf 67' lang='lat' dir='ltr'><strong>tali,</strong></span> <span class='ocrx_word' id='word_1_151' title='bbox 387 2922 465 2998; x_wconf 64' lang='lat' dir='ltr'><strong>emo</strong></span> <span class='ocrx_word' id='word_1_152' title='bbox 481 2954 560 3002; x_wconf 90' lang='lat' dir='ltr'><strong>rem</strong></span> <span class='ocrx_word' id='word_1_153' title='bbox 576 2945 712 3028; x_wconf 82' lang='lat' dir='ltr'><strong>gratam</strong></span> <span class='ocrx_word' id='word_1_154' title='bbox 727 2929 918 3018; x_wconf 63' lang='lat' dir='ltr'><strong>feceritve</strong></span> <span class='ocrx_word' id='word_1_155' title='bbox 929 2927 1103 3002; x_wconf 86' lang='lat' dir='ltr'><strong>maiorem</strong></span> <span class='ocrx_word' id='word_1_156' title='bbox 1118 2942 1191 2998; x_wconf 86' lang='lat' dir='ltr'><strong>nort</strong></span> 
     </span>
     <span class='ocr_line' id='line_1_24' title="bbox 279 3031 1195 3139; baseline 0.017 -43"><span class='ocrx_word' id='word_1_157' title='bbox 279 3031 400 3124; x_wconf 87' lang='lat' dir='ltr'><strong>possit:</strong></span> <span class='ocrx_word' id='word_1_158' title='bbox 421 3046 625 3139; x_wconf 76' lang='lat' dir='ltr'><strong>tentumque</strong></span> <span class='ocrx_word' id='word_1_159' title='bbox 637 3065 678 3113; x_wconf 84' lang='lat' dir='ltr'><strong>eo</strong></span> <span class='ocrx_word' id='word_1_160' title='bbox 691 3065 841 3114; x_wconf 86' lang='lat' dir='ltr'><strong>munere</strong></span> <span class='ocrx_word' id='word_1_161' title='bbox 852 3039 898 3113; x_wconf 91' lang='lat' dir='ltr'><strong>ad</strong></span> <span class='ocrx_word' id='word_1_162' title='bbox 915 3039 1039 3112; x_wconf 87' lang='lat' dir='ltr'><strong>laudas</strong></span> <span class='ocrx_word' id='word_1_163' title='bbox 1054 3037 1195 3112; x_wconf 85' lang='lat' dir='ltr'><strong>Sancti·</strong></span> 
     </span>
     <span class='ocr_line' id='line_1_25' title="bbox 281 3141 1194 3244; baseline 0.014 -38"><span class='ocrx_word' id='word_1_164' title='bbox 281 3141 363 3209; x_wconf 87' lang='lat' dir='ltr'><strong>tatis</strong></span> <span class='ocrx_word' id='word_1_165' title='bbox 396 3142 441 3214; x_wconf 86' lang='lat' dir='ltr'><strong>V.</strong></span> <span class='ocrx_word' id='word_1_166' title='bbox 464 3155 673 3224; x_wconf 86' lang='lat' dir='ltr'><strong>accesserit.</strong></span> <span class='ocrx_word' id='word_1_167' title='bbox 693 3153 792 3244; x_wconf 87' lang='lat' dir='ltr'><strong>Quid</strong></span> <span class='ocrx_word' id='word_1_168' title='bbox 821 3153 922 3228; x_wconf 92' lang='lat' dir='ltr'><strong>enim</strong></span> <span class='ocrx_word' id='word_1_169' title='bbox 950 3147 1194 3226; x_wconf 74' lang='lat' dir='ltr'><strong>exomnihus</strong></span> 
     </span>
     <span class='ocr_line' id='line_1_26' title="bbox 237 3246 1199 3363; baseline 0.015 -45"><span class='ocrx_word' id='word_1_170' title='bbox 237 3281 239 3286; x_wconf 32' lang='lat' dir='ltr'><strong>v</strong></span> <span class='ocrx_word' id='word_1_171' title='bbox 277 3246 383 3323; x_wconf 87' lang='lat' dir='ltr'><strong>rebus</strong></span> <span class='ocrx_word' id='word_1_172' title='bbox 401 3253 561 3334; x_wconf 79' lang='lat' dir='ltr'><strong>humanis</strong></span> <span class='ocrx_word' id='word_1_173' title='bbox 578 3263 814 3362; x_wconf 84' lang='lat' dir='ltr'><strong>praeclarius,</strong></span> <span class='ocrx_word' id='word_1_174' title='bbox 827 3281 830 3289; x_wconf 86' lang='grc'><strong><em>·</em></strong></span> <span class='ocrx_word' id='word_1_175' title='bbox 844 3277 907 3337; x_wconf 87' lang='lat' dir='ltr'><strong>aut</strong></span> <span class='ocrx_word' id='word_1_176' title='bbox 936 3247 1199 3363; x_wconf 75' lang='lat' dir='ltr'><strong>praestantius„</strong></span> 
     </span>
     <span class='ocr_line' id='line_1_27' title="bbox 276 3367 1196 3474; baseline 0.016 -43"><span class='ocrx_word' id='word_1_177' title='bbox 276 3373 340 3432; x_wconf 88' lang='lat' dir='ltr'><strong>ant</strong></span> <span class='ocrx_word' id='word_1_178' title='bbox 354 3367 451 3461; x_wconf 90' lang='lat' dir='ltr'><strong>quod</strong></span> <span class='ocrx_word' id='word_1_179' title='bbox 461 3369 519 3444; x_wconf 90' lang='lat' dir='ltr'><strong>illi</strong></span> <span class='ocrx_word' id='word_1_180' title='bbox 537 3375 685 3446; x_wconf 89' lang='lat' dir='ltr'><strong>maioris</strong></span> <span class='ocrx_word' id='word_1_181' title='bbox 713 3373 847 3447; x_wconf 88' lang='lat' dir='ltr'><strong>fructus</strong></span> <span class='ocrx_word' id='word_1_182' title='bbox 862 3427 872 3464; x_wconf 95' lang='lat'><strong>,</strong></span> <span class='ocrx_word' id='word_1_183' title='bbox 888 3374 1090 3474; x_wconf 83' lang='lat' dir='ltr'><strong>gloriaeque</strong></span> <span class='ocrx_word' id='word_1_184' title='bbox 1122 3397 1196 3446; x_wconf 86' lang='lat' dir='ltr'><strong>esse</strong></span> 
     </span>
     <span class='ocr_line' id='line_1_28' title="bbox 275 3477 1190 3585; baseline 0.019 -42"><span class='ocrx_word' id='word_1_185' title='bbox 275 3477 412 3570; x_wconf 84' lang='lat' dir='ltr'><strong>possit,</strong></span> <span class='ocrx_word' id='word_1_186' title='bbox 427 3504 531 3578; x_wconf 89' lang='lat' dir='ltr'><strong>quam</strong></span> <span class='ocrx_word' id='word_1_187' title='bbox 552 3485 598 3558; x_wconf 92' lang='lat' dir='ltr'><strong>de</strong></span> <span class='ocrx_word' id='word_1_188' title='bbox 615 3482 809 3576; x_wconf 84' lang='lat' dir='ltr'><strong>omnibus,</strong></span> <span class='ocrx_word' id='word_1_189' title='bbox 837 3490 1119 3585; x_wconf 82' lang='lat' dir='ltr'><strong>praesertimque</strong></span> <span class='ocrx_word' id='word_1_190' title='bbox 1145 3488 1190 3560; x_wconf 89' lang='lat' dir='ltr'><strong>de</strong></span> 
     </span>
     <span class='ocr_line' id='line_1_29' title="bbox 275 3586 1214 3698; baseline 0.026 -45"><span class='ocrx_word' id='word_1_191' title='bbox 275 3586 509 3685; x_wconf 84' lang='lat' dir='ltr'><strong>Academicis,</strong></span> <span class='ocrx_word' id='word_1_192' title='bbox 521 3596 612 3670; x_wconf 88' lang='lat' dir='ltr'><strong>bene</strong></span> <span class='ocrx_word' id='word_1_193' title='bbox 630 3597 787 3670; x_wconf 77' lang='lat' dir='ltr'><strong>mereri?</strong></span> <span class='ocrx_word' id='word_1_194' title='bbox 804 3600 949 3697; x_wconf 83' lang='lat' dir='ltr'><strong>Quippe</strong></span> <span class='ocrx_word' id='word_1_195' title='bbox 960 3598 1025 3698; x_wconf 79' lang='lat' dir='ltr'><strong>Del</strong></span> <span class='ocrx_word' id='word_1_196' title='bbox 1045 3602 1214 3680; x_wconf 56' lang='lat' dir='ltr'><strong>immorv</strong></span> 
     </span>
     <span class='ocr_line' id='line_1_30' title="bbox 278 3695 1191 3808; baseline 0.018 -42"><span class='ocrx_word' id='word_1_197' title='bbox 278 3695 360 3770; x_wconf 86' lang='lat' dir='ltr'><strong>talis</strong></span> <span class='ocrx_word' id='word_1_198' title='bbox 378 3715 431 3775; x_wconf 85' lang='lat' dir='ltr'><strong>est</strong></span> <span class='ocrx_word' id='word_1_199' title='bbox 442 3758 456 3798; x_wconf 96' lang='lat'><strong>,</strong></span> <span class='ocrx_word' id='word_1_200' title='bbox 475 3711 569 3782; x_wconf 83' lang='lat' dir='ltr'><strong>cuius</strong></span> <span class='ocrx_word' id='word_1_201' title='bbox 586 3733 625 3785; x_wconf 90' lang='lat' dir='ltr'><strong>ea</strong></span> <span class='ocrx_word' id='word_1_202' title='bbox 644 3733 740 3784; x_wconf 92' lang='lat' dir='ltr'><strong>nunc</strong></span> <span class='ocrx_word' id='word_1_203' title='bbox 772 3713 887 3786; x_wconf 89' lang='lat' dir='ltr'><strong>vicem</strong></span> <span class='ocrx_word' id='word_1_204' title='bbox 916 3713 1032 3808; x_wconf 82' lang='lat' dir='ltr'><strong>gerit,</strong></span> <span class='ocrx_word' id='word_1_205' title='bbox 1063 3722 1191 3784; x_wconf 89' lang='lat' dir='ltr'><strong>morta·</strong></span> 
     </span>
    </p>
   </div>
   <div class='ocr_carea' id='block_1_4' title="bbox 0 0 1614 5064">
    <p class='ocr_par' dir='ltr' id='par_1_4' title="bbox 0 0 1614 5064">
     <span class='ocr_line' id='line_1_31' title="bbox 0 0 1614 5064; baseline 0 2"><span class='ocrx_word' id='word_1_206' title='bbox 0 0 1614 5064; x_wconf 95' lang='lat' dir='ltr'><strong> </strong></span> 
     </span>
    </p>
   </div>
  </div>
 </body>
</html>
