3218 5064
526 461 600 516 100

461 589 502 650 et
521 566 720 653 doctrinae
748 560 1085 676 magnitudinem,
1116 568 1208 682 quis
1226 597 1275 654 eo
1296 567 1373 656 fnit

462 695 618 806 ingenio
633 695 910 810 praestantior,
930 692 1020 810 quis
1033 690 1209 781 doctrine
1232 699 1371 782 maiori

461 824 518 908 Et
538 823 754 912 rhetoricen
776 822 915 927 tenuit,
928 853 1169 940 quamquam
1183 824 1372 926 elocutio-

461 980 510 1034 ne
530 951 603 1037 luit
630 983 700 1066 per
719 977 943 1064 temporum
964 951 1238 1037 conditionem
1252 953 1375 1037 minn·

464 1110 519 1186 re,
541 1085 857 1194 pronuntiatione
870 1083 1044 1194 optima,
1064 1081 1197 1188 vocis,
1217 1079 1374 1187 vultus,

461 1234 669 1327 gestusque
684 1208 949 1296 moderatione
976 1208 1213 1318 incredibili,
1229 1239 1373 1336 memo·

461 1339 514 1420 ria
544 1339 743 1444 inaudita,
774 1339 997 1451 inventione
1025 1339 1297 1444 subtilissima,
1327 1361 1367 1422 ct

462 1469 630 1552 maxime
650 1459 840 1585 exquisita
853 1500 867 1575 ;
879 1465 1111 1582 disponebat
1129 1492 1262 1553 autem
1277 1495 1377 1584 qnae

463 1595 665 1680 invenerat
679 1595 744 1701 ita,
759 1617 803 1679 ut
816 1599 900 1684 eius
915 1626 984 1680 ore
998 1661 1009 1702 ,
1021 1595 1133 1713 quod
1146 1596 1197 1682 de
1211 1595 1377 1688 Nestore

460 1719 556 1804 dixit
564 1721 773 1830 Homerus,
785 1721 899 1807 melle
913 1723 1070 1810 dulcior
1082 1727 1207 1812 oratio
1220 1722 1373 1810 fluerat.
1391 1817 1393 1820 ,

459 1849 518 1932 Et
538 1876 734 1960 geometra
747 1851 796 1934 ad
814 1850 906 1948 haec
926 1879 1020 1961 emt,
1038 1879 1080 1939 et
1092 1852 1372 1954 arithmeticus,

461 2000 501 2060 ct
522 1979 669 2064 musica
695 1981 946 2064 consonantia
966 1980 1234 2082 delectabatur
1261 1979 1375 2066 rebe·

464 2129 640 2206 menter,
667 2130 706 2191 et
725 2133 972 2192 astronomus
992 2109 1068 2194 fuit
1093 2139 1175 2194 non
1191 2109 1377 2222 'vulgaris3

464 2233 1375 2348 multaenimpraedixitFloreutinortrtnsata,et
1495 2330 1499 2339 ,

308 2373 313 2384 “
395 2455 420 2474 ‚s
461 2360 589 2445 ltaliae
604 2361 718 2468 bella,
731 2366 994 2480 statuumque
1015 2362 1377 2454 mutationes.Nun-

466 2521 584 2605 quam
607 2515 738 2576 nutem
759 2494 841 2575 sinc
868 2492 1006 2578 barum
1026 2492 1252 2580 facultatum
1276 2499 1375 2607 peri·

467 2617 520 2702 tia
549 2617 736 2730 potuisset
756 2620 807 2702 de
834 2645 1047 2734 corporum
1075 2621 1317 2730 coelestium,
1339 2650 1378 2709 et

359 2771 362 2774 ·
466 2776 645 2851 numero,
660 2770 697 2829 et
714 2745 867 2852 ordine,
881 2772 917 2830 et
932 2745 1068 2858 figura,
1081 2774 1121 2832 et
1137 2745 1313 2857 ,essentia
1333 2779 1373 2837 et

372 2903 373 2906 ‘
467 2861 713 2987 potestate,et
730 2865 944 2962 mutatione
960 2879 1198 2965 mentionem
1210 2875 1379 2990 efficere,

341 3285 342 3288 '
470 3307 598 3382 ceptcrc
612 3317 670 3362 tuo
686 3295 853 3360 inesceris
874 3296 1019 3363 omnibus
1034 3299 1233 3364 vinceretur.
1249 3295 1295 3360 Vn
1311 3295 1381 3370 bel-

335 3487 336 3490 Ἴ
466 3392 581 3462 lissimo
597 3396 738 3483 parallelo
753 3409 799 3462 tra
816 3397 932 3474 Dante,
947 3397 984 3462 ed
999 3398 1106 3467 Omero
1120 3395 1152 3464 fu
1168 3398 1294 3468 recitato
1319 3394 1380 3478 agli

475 3517 524 3561 tt.
541 3499 616 3564 Sett.
634 3501 725 3587 1827.
739 3497 971 3567 nell’tlduuauza
983 3499 1100 3567 solenne
1115 3485 1186 3564 dell
1201 3498 1377 3564 decademia

465 3595 543 3660 della
560 3599 667 3666 Crusca
682 3599 732 3666 dal
756 3597 810 3664 Cb.
838 3599 896 3684 sig.
920 3597 997 3666 Prof.
1012 3602 1109 3666 Pietrn
1125 3598 1269 3682 bagnoli,
1284 3620 1301 3660 e
1316 3595 1377 3662 tale

468 3697 606 3762 incontro
619 3701 678 3782 egli
693 3700 779 3778 ebbe,
789 3699 844 3766 che
859 3701 881 3765 il
897 3699 1039 3768 Pnbblico
1054 3697 1095 3768 fin
1110 3701 1148 3766 da
1164 3697 1254 3788 quell’
1269 3700 1378 3761 istante

468 3799 492 3859 ai
507 3796 648 3863 dimostrd
664 3799 794 3883 voglioro
808 3803 839 3867 di
854 3800 954 3866 averln
969 3798 1151 3867 actt'occlrio
1166 3803 1197 3872 itt
1213 3812 1326 3884 stampe
1339 3847 1347 3864 .
