3240 5042
533 417 593 554 at

468 588 632 704 tiorraler
644 617 715 674 nos
728 585 864 673 docuit
879 587 1056 698 virtuter,
1068 613 1108 684 at
1119 593 1379 710 actiraa;.Baa
1488 704 1492 712 ,

468 719 574 802 tricia
592 745 685 804 varo
705 714 999 828 gubernaculis,
1020 717 1271 812 intellectiraa
1290 751 1380 839 apa·

352 867 354 874 ’
467 845 550 940 ruit
569 845 682 929 nobis
702 844 896 950 virtutes,
917 866 956 929 at
983 839 1283 962 contemplandi„
1296 881 1381 937 nro·

465 972 587 1077 dum,
607 996 646 1057 et
666 973 721 1058 aia
735 970 866 1056 ambas
880 998 1074 1058 mammas
1094 975 1295 1064 distribuit
1313 981 1377 1078 irr-

465 1124 525 1187 ter
539 1101 735 1214 populos,
753 1099 967 1211 ergaminis
983 1101 1096 1188 nobis
1116 1106 1277 1192 tradidit
1296 1109 1378 1198 mei

467 1229 662 1314 manibus.
698 1229 771 1314 Est
795 1258 888 1339 argo
907 1230 991 1313 iura
1009 1231 1161 1344 optimo
1180 1265 1200 1318 a
1222 1237 1378 1326 maiori-

463 1355 548 1442 bns'
563 1358 710 1441 Daatas
727 1357 959 1472 nomiaatus,
973 1388 1094 1474 quam
1109 1360 1288 1450 viderant
1307 1365 1376 1454 da-

462 1507 701 1572 turumaase
721 1483 899 1598 gentibus
920 1485 1114 1598 plurima.
1133 1490 1231 1601 Quo
1250 1495 1377 1580 nomi·

416 1666 418 1670 .
464 1642 514 1695 ne
534 1619 572 1696 'at
591 1614 671 1727 ipsa
691 1643 731 1697 aa
751 1612 916 1724 dignum
948 1612 1151 1724 iudicans,
1171 1649 1192 1702 a
1212 1617 1371 1706 duobus

464 1740 591 1825 voluit
610 1739 821 1854 appellari,
841 1741 986 1854 quibua
1005 1765 1104 1828 errat
1123 1749 1286 1833 maxima
1320 1747 1378 1834 fa-

464 1865 589 1951 cultas
608 1863 937 1952 nomiaandorum
958 1865 1188 1960 homiuum.
1207 1871 1308 1958 Nam
1323 1875 1376 1960 ab
1398 1875 1399 1882 ‘

472 2025 520 2079 eo
540 2020 714 2110 parente,
733 1996 802 2113 qui
824 1996 974 2108 primur
1006 1999 1151 2082 meruit
1171 1997 1289 2086 rabua
1309 2002 1378 2088 ad·
1498 2065 1501 2073 -

463 2123 556 2209 dara
577 2127 759 2232 nomina,
779 2127 923 2210 Dantea
937 2122 1060 2210 voluit
1079 2123 1157 2210 dici
1168 2193 1182 2242 ,
1202 2151 1243 2212 et
1260 2133 1312 2224 ab
1330 2159 1374 2215 aa

463 2254 655 2362 muliera,
675 2285 775 2370 quae
794 2285 895 2369 quos
914 2277 1015 2338 amat
1034 2252 1083 2336 ad
1106 2251 1206 2338 illud
1228 2257 1371 2370 pardu-

316 2419 324 2432 ·
463 2382 516 2465 cit
533 2411 733 2467 summum
748 2381 916 2488 bonurn,
936 2410 1018 2495 quo
1032 2382 1234 2496 quaesito,
1252 2415 1372 2499 quaa·

461 2508 631 2593 randum
663 2533 720 2593 ast
752 2509 917 2622 amplius
950 2507 1060 2593 nihil.
1090 2507 1217 2614 Adam
1239 2513 1368 2624 igitur,

425 2653 438 2680 ⁵
461 2666 580 2752 quam
603 2639 713 2722 Deus
734 2637 889 2748 propria
910 2636 1054 2720 creavit
1075 2663 1219 2742 manu,
1238 2639 1278 2720 in
1298 2640 1368 2722 Pa-

461 2762 589 2845 radiao
608 2765 663 2847 sir
683 2765 734 2847 ait
754 2761 859 2848 huna
872 2761 1086 2871 allocutus,
1107 2787 1151 2847 ut
1169 2761 1286 2848 huius
1306 2766 1364 2850 in-

458 2913 650 2996 tarprater
670 2890 786 2974 verba
806 2887 895 3006 ('r):

498 3013 591 3102 Quae
606 2980 1013 3098 ribtisitmetias,1)antes,
1028 3015 1365 3096 discernasolrrrrtas.-

458 3120 684 3243 AtBaatrix
702 3125 743 3209 in
774 3130 1029 3239 Purgatorr'a
1060 3131 1116 3212 sia
1148 3123 1364 3252 eumalloz

462 3280 617 3365 quitur:

447 3837 450 3842 Ι
496 3739 544 3834 (ι)
560 3744 625 3810 Cori
642 3747 692 3812 ael
707 3748 858 3830 margine:

529 3842 665 3927 Dante,
681 3853 724 3916 la
734 3852 844 3938 voglio
859 3864 918 3916 trra
932 3845 1087 3916 disraraa
1103 3845 1234 3936 meglio.
