3240 5042
510 451 560 502 22

450 551 500 640 lia
522 555 632 661 labri,
652 577 687 638 et
710 550 808 634 illud
831 580 982 636 rursus:
1003 554 1073 668 qui
1094 549 1145 634 de
1166 569 1263 635 terre
1284 573 1352 658 est,

447 681 498 766 de
531 707 629 767 terra
663 681 861 797 loquitur.
883 681 1045 768 Amabat
1077 709 1168 790 ergo
1189 681 1353 764 virtutes

446 813 626 917 Dentes,
656 832 695 893 et
727 839 789 890 aas
821 829 905 892 tutu
937 809 1055 891 cortle
1088 809 1346 922 sequebatur.

448 939 715 1048 Quamobrem
735 967 828 1021 cum
848 969 870 1020 e
891 939 1060 1040 victoria,
1080 938 1288 1049 castrisque
1308 938 1348 1018 iu

447 1068 605 1180 patriam
626 1065 881 1170 rediisset,eu
893 1062 1116 1174 diligentius
1130 1097 1169 1146 se
1183 1095 1222 1146 se
1237 1063 1349 1144 dedi·

452 1196 509 1278 dit
530 1195 779 1278 humanitatis
810 1196 973 1301 studiis,
993 1196 1101 1308 quod
1124 1219 1167 1278 ut
1188 1196 1347 1276 serviret

409 1308 412 1320 ’
454 1323 623 1433 patriae,
643 1320 881 1437 belluretq-ue
902 1351 971 1432 pru
994 1322 1191 1433 republica
1208 1322 1350 1424 ,intera

450 1449 604 1533 miseret
643 1448 705 1530 illa
746 1451 948 1559 nortuiltil3
981 1453 1020 1533 iu
1056 1450 1216 1560 auguriis
1247 1449 1352 1530 euim

451 1578 519 1692 qui
542 1601 740 1683 vereatur,
762 1581 799 1658 iu
820 1581 899 1662 otiu
920 1607 1071 1688 semper
1091 1608 1171 1658 esse
1193 1604 1270 1659 uon
1287 1607 1354 1689 po·

454 1727 550 1810 test,
570 1735 700 1820 neque
721 1710 750 1788 is
771 1709 955 1822 quon-lam
990 1706 1234 1790 elucubraret
1267 1729 1361 1788 'cuu-

458 1834 566 1914 tiuue
588 1831 779 1943 plurima,
796 1858 1096 1947 versareturque
1114 1835 1214 1956 iuter
1229 1832 1360 1938 libros,

455 1989 500 2043 au
522 1984 697 2043 uteretur
712 1962 898 2070 Scipionis
913 1985 950 2043 et
963 1963 1053 2064 otiu,
1074 1983 1111 2044 et
1131 1960 1357 2067 solitudine,

460 2087 590 2169 deerat
611 2089 767 2192 amicis,
789 2119 859 2168 nec
881 2117 958 2168 nou
991 2111 1073 2170 erat
1106 2088 1206 2168 iuter
1238 2089 1360 2172 suciot

457 2213 605 2296 urbane
627 2214 1377 2332 virettu'civiletnquecousuetudinem⁸

398 2377 400 2384 ’
452 2340 664 2424 celebrans.
681 2344 734 2425 Vt
749 2346 851 2424 euim
866 2341 1005 2450 legerat
1026 2343 1130 2451 apud
1149 2343 1379 2451 Platonem‚·

458 2499 536 2550 nou
558 2497 636 2549 esse
658 2499 727 2550 uos
750 2499 855 2550 natus
876 2471 965 2552 solis
987 2471 1124 2574 nobit,
1145 2494 1187 2550 ut
1213 2467 1361 2554 Stoico·

460 2625 547 2677 rum
563 2597 749 2714 ¹sententia
764 2597 1039 2702 delectabatur,
1056 2597 1229 2680 homiues
1245 2597 1367 2684 homi·
1420 2639 1426 2652 ·

462 2969 597 3049 regioni,
612 2970 639 3035 le
651 2971 729 3072 quali
746 2973 814 3036 alui
830 2993 952 3057 paruero
975 2968 1005 3034 le
1022 2974 1073 3059 pila
1087 2985 1251 3068 opportuue
1276 2992 1293 3034 e
1315 2973 1366 3060 piri
1475 2977 1479 2984 ’

463 3071 653 3134 convincenti
666 3098 675 3153 3
692 3073 852 3136 maelleno
866 3078 1076 3138 incontrarouo
1091 3097 1147 3138 uua
1162 3073 1294 3155 generale
1319 3061 1372 3139 'di-

467 3175 715 3256 tapprotazioue.
731 3175 777 3238 l’n
794 3175 819 3237 ri
834 3171 909 3238 latro
919 3187 1088 3255 argumento
1103 3178 1209 3239 tereto
1221 3175 1367 3241 eccellen-

463 3256 615 3350 remetire,
630 3296 645 3335 e
660 3277 842 3339 dottameate
858 3274 1025 3362 svilupptttt
1036 3274 1084 3338 dal
1102 3275 1172 3338 Pelli
1187 3277 1267 3339 uella
1281 3281 1311 3342 tll
1329 3276 1369 3342 ltti

468 3374 529 3434 lita
544 3393 561 3436 a
574 3397 651 3464 pag.
668 3373 734 3464 69..·
749 3400 764 3438 e
780 3398 881 3463 segg„
897 3398 952 3440 ore
968 3377 1007 3439 ad
1027 3376 1166 3438 evidente
1188 3374 1218 3440 fu
1244 3381 1349 3444 vedere
1359 3425 1370 3457 ,

466 3469 522 3538 ulte
537 3474 565 3538 la
583 3475 711 3543 Beatrice
728 3501 785 3560 nou
797 3475 829 3542 lu
845 3501 883 3541 un
898 3490 1030 3562 suggetto
1045 3480 1154 3556 ideale,
1165 3493 1211 3542 ma
1229 3497 1285 3546 tua
1302 3503 1370 3546 veru

467 3575 608 3642 feminina
621 3628 628 3645 .
645 3581 698 3646 Ciu
713 3606 811 3646 venue*
823 3583 1002 3659 avvalorutu¹
1017 3602 1074 3644 con
1101 3581 1175 3645 altre
1201 3585 1312 3664 regioni
1329 3585 1368 3646 da

468 3677 564 3740 Mune.
581 3680 690 3744 Dionisi
705 3705 721 3744 a
735 3705 812 3778 pag.
828 3682 881 3764 43.
898 3705 914 3745 e
930 3703 1017 3769 segg.
1029 3679 1078 3744 del
1095 3680 1291 3752 Num.1udei
1306 3687 1369 3750 suoi

470 3779 639 3847 Attedrlott'
651 3805 685 3846 tu
699 3784 728 3848 la
744 3788 826 3862 vita,
842 3786 879 3848 ed
892 3806 978 3870 opere
991 3785 1020 3850 di
1035 3787 1129 3852 Dante
1141 3833 1162 3852 ..
