3240 5042
465 613 539 696 hus
572 591 800 697 observatur
818 607 922 723 apud
943 606 1104 718 Gallos,
1137 631 1182 695 nt
1202 637 1320 697 neruo
1339 613 1382 701 lu

469 743 584 853 Regis
611 740 848 826 Francorum
869 742 974 825 curia
994 736 1101 822 aliud
1121 737 1261 824 audeat
1281 739 1380 824 idio·

469 899 531 952 rna
554 869 762 984 prosequi,
782 895 900 984 quana
920 895 1001 982 quo
1018 868 1099 978 ipse
1115 868 1381 986 prosequitur,

464 1001 589 1083 utitur
608 1001 704 1105 Rex,
719 1026 791 1081 nec
810 994 880 1079 alia
900 995 1062 1111 quidem
1083 1001 1124 1080 in
1139 1001 1297 1103 Senatu,
1317 997 1394 1082 vel'
1474 1024 1476 1035 ·

467 1131 590 1213 causis
609 1128 719 1243 loqui
740 1128 868 1236 lingna
886 1191 895 1210 .
916 1123 1001 1210 Nec
1023 1127 1149 1210 minus
1170 1151 1377 1212 esttamen

470 1253 621 1340 artificii
653 1253 879 1368 complexus
907 1254 984 1337 ruis
1005 1254 1179 1338 uersibus
1206 1255 1380 1362 Dentes,

468 1414 585 1501 quam
601 1386 632 1466 si
648 1371 819 1470 Romana
841 1382 973 1466 suisset
992 1365 1077 1464 illos
1097 1381 1227 1494 lingua
1251 1413 1382 1494 prose-

468 1537 603 1621 cutus,
622 1514 842 1630 meritoque
862 1511 999 1596 debuit
1020 1535 1131 1622 poeta
1151 1511 1244 1613 dici,
1264 1541 1308 1593 ae
1323 1515 1385 1594 ins

462 1663 522 1729 ter
542 1665 674 1755 poetas
694 1629 913 1746 numerari,
933 1663 978 1722 ut
999 1639 1082 1752 ipse
1095 1638 1146 1720 de
1165 1667 1206 1720 ae
1226 1637 1380 1723 locutus

367 1799 370 1805 ·
463 1773 504 1851 in
527 1761 875 1879 Irtferrtosittaitt
1124 1786 1127 1794 '

452 1900 563 1989 Atque
577 1901 664 1964 inter
673 1896 817 1987 reliquos
832 1918 901 1962 rum
916 1909 1031 1964 sextus
1045 1909 1078 1963 et
1093 1901 1168 1988 ipre¹
1175 1910 1296 1988 poetar
1309 1899 1378 1991 (r)·

441 2075 443 2086 ψ
464 2007 732 2088 nominaverat
745 2005 857 2095 enim
877 2001 1117 2108 Homerum,
1138 2003 1378 2114 Virgilium,

353 2155 378 2244 J
464 2133 703 2236 Horatium,
723 2130 937 2240 Ovidium,
951 2158 989 2216 et
1002 2135 1235 2218 Lucanum.
1255 2134 1381 2244 Quod

461 2269 493 2350 ai
508 2265 595 2380 quis
610 2295 673 2346 me
694 2288 801 2373 roget
816 2329 830 2368 ,
843 2293 923 2374 'cur
942 2267 973 2346 si
995 2261 1245 2375 philosophus
1268 2289 1380 2371 ¹erat,
1424 2353 1427 2366 ,
1459 2363 1461 2368 ,

466 2425 511 2478 ac
530 2372 758 2502 iheologua,
778 2421 817 2473 se
850 2390 983 2474 maluit
1010 2423 1091 2474 esse
1127 2414 1301 2503 poetam,
1321 2393 1374 2475 ita

463 2554 696 2641 responsum
716 2553 796 2604 esso
829 2523 967 2611 velim:
991 2522 1262 2632 philosophum
1294 2551 1387 2612 esse,
1485 2611 1487 2618 Α

462 2654 610 2747 Dautes
630 2654 769 2738 latetur
790 2685 829 2734 se
855 2685 921 2760 se,
941 2685 1029 2738 curn
1052 2654 1202 2737 inducit
1224 2683 1373 2766 praece·

404 2796 412 2804 ’
465 2781 1192 2900 ptorerninInfhrrroaiodicentem:
1250 2841 1253 2846 ·
1307 2809 1309 2814 ’

497 2917 616 2987 Nonae
630 2941 666 2984 es
683 2915 859 2997 verborum,
870 2921 1012 3000 Denter,
1025 2913 1144 2988 memor
1159 2933 1240 2986 unus
1256 2894 1380 3003 eorum,

496 3021 638 3106 Quorum
653 3023 792 3084 materia
807 3035 861 3087 est
877 3023 997 3088 morali
1011 3025 1143 3092 condita
1157 3021 1243 3097 libro
1259 3022 1309 3115 (a)
1330 3025 1347 3090 l
1453 3079 1457 3087 .

509 3405 523 3492 (
529 3399 558 3488 r)
572 3400 640 3468 Cori
657 3401 709 3466 nel
724 3406 854 3489 margine
869 3453 877 3470 .

506 3501 551 3568 Ea
566 3504 665 3594 iosut'
679 3516 767 3570 serto
784 3518 838 3570 tro
852 3518 983 3576 carunto
998 3533 1118 3580 renuo.

517 3603 563 3688 (a)
579 3605 647 3672 Cori
662 3605 711 3672 nel
729 3610 879 3692 margine.
948 3609 949 3614 ’

508 3702 584 3772 Non
598 3713 627 3770 tt
642 3714 813 3778 remoranti
828 3712 865 3776 di
880 3717 990 3804 quelle
1001 3717 1142 3809 parole,
1203 3754 1205 3758 ·
1264 3779 1270 3787 .

551 3806 603 3876 De
617 3808 650 3874 le
663 3815 740 3901 quai
753 3811 789 3877 ta
804 3826 861 3880 ruo
875 3816 973 3888 Erico
987 3826 1184 3913 parrratto?
