3218 5064
534 526 546 579 Ι
562 527 611 582 to

461 640 577 721 tium:
603 637 783 722 Factam
797 631 900 717 milri
913 627 966 718 de
986 637 1104 723 rebus
1126 635 1278 722 nostris
1293 651 1380 719 lter·

460 767 510 847 ba
530 761 830 851 subvertendum
851 779 925 870 est,
945 793 997 846 ue
1017 761 1120 884 quid
1137 767 1292 850 temere
1313 763 1376 850 di-

459 924 565 1001 cum,
579 925 630 979 ue
644 891 751 1011 quid
762 899 1042 1005 incomposite.
1061 889 1172 980 Ha'ec
1186 890 1266 978 fere
1280 916 1375 978 sunt

459 1051 557 1137 quae
577 1053 645 1106 aua
661 1021 759 1108 dixit
779 1019 935 1133 lingua,
961 1021 1257 1140 litterarumque
1271 1049 1377 1103 man·

458 1151 566 1272 davit
599 1149 891 1250 immortalitati.
911 1149 1014 1238 Nam
1035 1153 1196 1235 romano
1215 1146 1380 1266 quidem

459 1281 547 1362 stilo
578 1278 704 1362 edidit
738 1274 1377 1392 opus50uiMonarcl1iae'dedit

463 1438 617 1512 nomeu,
637 1409 749 1491 cuius
769 1404 843 1491 hoe
857 1431 913 1491 est
927 1406 1178 1522 principium.
1202 1405 1376 1517 Magai-

459 1533 562 1620 tudo
582 1542 693 1644 eius,
714 1542 786 1652 qui
817 1535 1028 1634 sedentia
1049 1537 1198 1659 tiaratae
1217 1536 1376 1660 eutrotia

389 1778 391 1782 Ι
467 1667 725 1774 dominatur,
741 1674 787 1752 iu
807 1668 1053 1763 coelo-staua
1073 1653 1213 1761 omnia
1234 1661 1389 1766 ratidai,⁸

454 1821 665 1914 nusquam
679 1797 1033 1904 emaluausmullibi
1046 1792 1376 1894 art‘iueiusuadta

459 1923 610 2014 dividit
625 1931 768 2042 gratia
783 1945 1019 2032 moneamur
1033 1944 1167 2022 tauros
1182 1921 1374 2032 aliquan·

465 2039 666 2165 dosaciat
681 2057 793 2174 loqui
802 2051 818 2162 (
829 2087 839 2137 t
849 2051 877 2170 ).
892 2037 1033 2172 Edidit
1046 2075 1082 2148 et
1096 2080 1197 2172 .⁰l’¹¹⁵,
1211 2016 1263 2132 tie
1271 2041 1317 2137 V
1318 2046 1379 2130 al-

490 2443 651 2517 Mantuae
664 2443 785 2544 incepit
799 2423 858 2532 ,et
876 2448 1027 2522 Veronae
1054 2443 1211 2514 absolvil.
1226 2435 1286 2521 'Qui
1301 2439 1376 2503 'mo-

489 2561 550 2614 rtra
566 2550 589 2615 il
604 2551 694 2640 Ne'gri
708 2553 739 2625 d'
752 2557 899 2640 ignorare,
910 2551 965 2620 che
981 2565 1082 2641 questa
1097 2561 1186 2639 opera
1199 2535 1379 2632 fosse's'tim-

491 2658 575 2734 palti
588 2675 672 2719 come
684 2653 789 2728 ¹tliiatti
801 2657 830 2722 la
846 2658 871 2721 si
883 2653 914 2721 iu
929 2667 1008 2720 sotto
1023 2651 1108 2719 nome
1118 2649 1149 2716 di
1160 2645 1271 2725 Dante,
1282 2645 1380 2708 'ric'co-

490 2771 537 2813 me
552 2755 583 2816 io
598 2749 666 2820 l'ho
682 2760 768 2836 vista,
783 2781 843 2824 non
859 2779 891 2824 so
903 2759 990 2835 dore,
1003 2753 1040 2822 nl
1056 2759 1087 2820 in
1098 2750 1188 2842 'q'oalc
1203 2745 1377 2838 decisione.

466 2849 654 2921 Tractatum
677 2861 720 2926 de
743 2860 903 2952 Symbola
920 2861 1067 2926 civitatis
1084 2847 1317 2926 Hierusalem,
1333 2867 1374 2910 ac

494 2952 603 3024 almae
618 2953 755 3030 Romae.
976 2955 979 2958 ’

451 3051 493 3120 La
509 3055 709 3148 Maguficat
726 3065 756 3129 in
772 3067 849 3129 versi
864 3063 1012 3129 Tuscani.
1142 3138 1146 3144 „

500 3159 547 3250 (r)
563 3161 586 3224 E
600 3184 672 3230 cosa
688 3165 879 3241 indubitata,
896 3165 951 3231 che
967 3166 989 3230 il
1002 3157 1089 3230 Poeta
1104 3171 1206 3226 nostro
1225 3158 1370 3223 'scrivesse

460 3266 484 3332 tl
500 3265 576 3334 latta
593 3279 718 3332 trattato
733 3266 774 3332 de
788 3263 999 3346 Monarairla,
1012 3278 1126 3332 mentre
1145 3263 1374 3327 testimonianze

462 3391 496 3432 rte
513 3367 602 3434 fanno
616 3367 783 3433 indubitata
800 3368 821 3431 il
834 3367 1081 3434 Boccac'cionella
1094 3367 1124 3431 di
1136 3365 1178 3429 lai
1189 3365 1263 3439 vita,
1276 3384 1292 3423 e
1305 3361 1376 3428 Gio.

465 3471 572 3536 Villam
590 3471 666 3536 nelle
678 3493 727 3535 sue
743 3469 906 3539 Croniche.
924 3473 1014 3537 Turta
1030 3473 1057 3534 la
1070 3459 1221 3556 quertiorre
1233 3477 1315 3530 verte
1327 3466 1374 3530 sul

463 3577 566 3637 vedere
582 3599 612 3639 se
628 3587 731 3662 questo
741 3622 750 3651 ,
768 3572 822 3638 che
848 3577 864 3639 ἑ
889 3579 1033 3662 riportato
1049 3572 1098 3634 nel
1114 3569 1150 3634 T·
1161 3589 1206 3634 tv.
1222 3565 1321 3634 Part·
1337 3589 1374 3632 11.

464 3673 540 3739 delle
556 3698 605 3740 arte
627 3691 871 3764 operestampate
887 3679 919 3741 in
940 3677 1081 3748 Venetia
1109 3671 1158 3736 dal
1185 3669 1289 3734 Zatta
1315 3692 1376 3734 con

344 3795 345 3798 ’
417 3809 421 3817 ’
466 3778 614 3841 numerica
631 3778 818 3853 distiuzione,
833 3780 875 3844 sia
891 3777 920 3840 la
937 3767 1009 3854 aua,
1024 3767 1042 3840 (l
1058 3777 1086 3839 di
1103 3775 1190 3838 altro.
1208 3772 1332 3860 l'nranto
1348 3773 1373 3834 il

466 3879 613 3968 principio
629 3880 658 3942 di
673 3903 755 3956 esso,
772 3881 822 3967 qul
848 3884 1003 3968 riportat0,
1033 3872 1196 3942 diversifica
1213 3869 1321 3936 alsatio
1336 3873 1376 3939 da
