3218 5064
1049 485 1124 568 127

184 677 186 692 Ι
277 589 462 692 del‘1579.
476 591 517 661 in
537 589 572 680 4.
587 586 619 660 it
633 586 735 687 luogo
753 604 946 666 attenuato
962 587 1024 665 nel
1043 575 1195 691 s'opreds

277 703 376 778 detto
388 703 536 789 Durio,
553 722 619 772 ove
637 700 820 796 egli'sfoge
838 700 872 773 ia
884 701 1190 790 suameidicenun

275 827 399 905 contro
416 816 544 889 Dente.
569 813 693 912 Quivi-
708 812 778 910 egli
796 837 889 914 pone
910 826 962 884 tra
986 815 997 885 i
1014 812 1213 888 Genuvesi.
1256 811 1259 819 ’

281 926 417 1000 illustri
433 927 570 998 Brunca
586 924 719 1014 Doria,
737 923 796 997 del
813 923 918 1024 quale
934 919 1006 1010 cosi
1035 925 1187 1022 ragione:

280 1035 399 1113 Nemo
411 1051 505 1138 puta
535 1033 796 1132 indignabitur
824 1059 889 1108 nos
905 1034 1092 1119 Branoam
1116 1033 1198 1107 Au·

278 1156 398 1246 riam,
415 1153 579 1254 quamuis
597 1152 714 1222 nullis·
732 1147 839 1222 rebus
856 1154 983 1246 gestis,
1000 1171 1096 1247 quae
1111 1154 1195 1247 qui·
1285 1131 1295 1144 ⁸

273 1259 409 1338 demin
422 1263 595 1336 notitiam
612 1273 776 1333 nostram
794 1263 959 1332 venerint
976 1265 1134 1350 alarum,
1146 1265 1198 1331 al·

273 1381 435 1450 tissimae
457 1388 587 1446 tamen
606 1369 791 1474 fortunae
820 1372 1014 1472 splendore
1041 1395 1190 1471 ,eonspe-

277 1502 379 1562 etum
395 1488 542 1558 silentio
559 1509 630 1556 non
645 1489 882 1583 praeteriisse
884 1535 1068 1556 .......
1077 1533 1100 1554 -.
1117 1535 1126 1552 .
1147 1535 1155 1552 .
1184 1535 1192 1552 .

270 1596 440 1671 Braneae
467 1602 590 1696 igitur
618 1596 763 1668 Auriae
795 1600 1116 1692 immensaenpts,
1146 1617 1190 1668 ae

271 1708 412 1784 summa
428 1711 594 1810 dignitas
607 1703 720 1808 fuit,
739 1714 815 1810 ·qui
834 1715 1037 1786 maximam
1058 1707 1191 1782 Sardi-

268 1825 354 1895 niae
365 1836 537 1922 partem,
554 1819 726 1911 urbium,
743 1828 992 1913 castellarum,
1010 1824 1184 1911 vicorum,

271 1939 764 2035 iatepatentiumregionum
777 1939 969 2008 dominatu
982 1940 1187 2035 occuparit,
1210 2029 1213 2034 ἱ

189 2140 191 2144 ¹
269 2048 320 2121 ad
339 2062 556 2148 tantamque
570 2053 776 2148 potentiam
792 2071 834 2119 ea
851 2053 892 2118 in
909 2046 1043 2120 Insula
1057 2069 1184 2146 perre-

265 2165 393 2251 uerit,
408 2173 453 2229 ut
469 2162 631 2230 omnium
648 2181 775 2230 rerum
792 2156 933 2232 arbiter
958 2183 1001 2232 ae
1019 2159 1186 2232 moderae

262 2287 322 2344 tor
339 2271 472 2345 Sardis
494 2275 583 2369 ipsis
605 2268 837 2370 stupentibus
855 2276 1001 2368 regium
1018 2275 1179 2346 titulum

263 2384 451 2457 aCaesare
459 2382 1097 2484 petierit‚impetraturusquefuisse
1108 2407 1186 2458 ore-

262 2497 402 2585 datur‚
430 2500 468 2566 ni
488 2496 578 2567 dum
597 2520 654 2567 res
675 2520 741 2566 sua
759 2500 943 2568 molimine
966 2506 1089 2592 gravis
1108 2521 1177 2570 ex·

263 2607 433 2680 trahitur
440 2604 700 2707 fattofunetus
714 2625 815 2681 esset.
833 2606 905 2685 His
920 2622 974 2682 est
988 2613 1051 2680 iile
1064 2606 1186 2686 Bran,-

259 2742 344 2806 cns,
372 2745 478 2817 quem
507 2719 658 2794 celebris
695 2726 853 2816 nominis
890 2738 1002 2820 poeta
1040 2721 1185 2805 Dentes

260 2833 360 2929 apud
372 2831 520 2931 Inferet
533 2845 644 2908 etiam
662 2840 841 2909 viventem
854 2841 953 2909 taeat
965 2834 1175 2935 eupiditate

259 2947 460 3018 ulciscendi
474 2946 611 3019 doloris
631 2955 706 3021 alte
720 2954 838 3023 animo
852 2949 1049 3022 insidentis
1062 2947 1104 3022 ab
1118 2954 1175 3020 in-

244 3063 866 3154 'signemacceptameontu'meiiam
890 3064 931 3132 iu
957 3054 1180 3156 tantumsu·

260 3193 380 3241 rorem
389 3183 595 3267 prouentus.
609 3171 754 3243 Dentes
766 3176 876 3262 enim,
888 3173 930 3246 id
945 3171 1046 3269 quod
1062 3173 1183 3242 incor-

255 3285 376 3379 ruptis
397 3287 590 3352 vetustatis
607 3280 832 3354 documentis
849 3298 1006 3373 constat,
1021 3285 1108 3354 vitio
1122 3284 1177 3352 in·

259 3395 355 3490 genii
373 3389 562 3464 vehemens
572 3405 609 3462 et
622 3396 810 3494 impotens,
824 3397 875 3466 ad
887 3395 955 3468 hoa
963 3393 1177 3494 factionum

255 3505 403 3592 studiis,
417 3516 454 3575 et
471 3503 661 3576 indomitis
674 3504 1091 3605 animipermotienibus
1108 3531 1179 3580 sae·

253 3642 300 3714 pe
319 3639 437 3717 usque
454 3615 505 3686 ad
515 3619 703 3706 insaniam
723 3624 803 3717 rapi
821 3622 977 3706 solitus,
1005 3619 1110 3692 haud
1125 3644 1181 3694 se-

256 3751 338 3806 eum
356 3741 533 3827 reputans
554 3746 694 3828 quanto
707 3755 791 3803 eum
803 3735 970 3831 pericula
989 3743 1112 3830 magni
1130 3758 1180 3806 vt-
