3240 5042
1072 463 1126 554 79

280 583 401 697 quam
424 574 514 667 exul
533 573 655 662 laetos
675 570 923 660 factiosorum
951 576 1190 694 importuni·-

278 729 367 817 tate,
385 731 427 794 et
443 704 553 794 nulla
572 703 649 789 luit
668 702 703 788 ei
723 702 889 816 arnpliua
908 735 995 818 aper
1013 708 1184 794 redeuu-

277 831 320 917 di
340 833 579 920 Florentiam
611 859 741 947 neque
757 831 818 935 vi,
837 861 911 914 nee
932 861 1073 944 prece,
1090 834 1187 920 Cre·

274 987 412 1046 monae
428 961 597 1074 primum
617 954 881 1072 philosophiae
901 958 1054 1045 studuit
1073 984 1185 1046 naru-

270 1085 360 1194 rali,
379 1118 425 1174 ac
450 1085 650 1192 rationali,
681 1084 867 1172 moralem
888 1087 994 1170 enim
1022 1086 1183 1174 audire·

267 1238 327 1300 rat
346 1246 367 1300 a
387 1216 530 1304 Larino
551 1237 810 1328 praeceptore,
822 1211 1128 1332 Albertumque,
1140 1245 1185 1303 ac

268 1340 422 1428 Divum
440 1339 636 1434 Thomam
668 1337 979 1426 familiarissimos
998 1341 1184 1432 reddide-

267 1490 326 1552 ιιι
357 1466 457 1580 aibi3
488 1467 632 1553 deinde
653 1466 820 1584 Neapoli
850 1468 1001 1554 tamdiu
1021 1471 1193 1558 vacavir'

266 1593 436 1710 logicae,
458 1620 502 1683 ut
522 1585 740 1682 mirabilem
759 1619 797 1682 et
817 1624 836 1680 a
859 1597 1002 1720 loanne'
1021 1601 1180 1709 comite,

272 1725 345 1838 qui
364 1724 531 1814 docebar
544 1725 787 1834 Cremonae,
808 1750 847 1812 et
865 1725 1022 1812 aPoulo
1042 1725 1183 1814 Archi·

271 1882 347 1964 no,
379 1858 450 1970 qui
469 1853 635 1940 docebat
661 1856 847 1968 Neapoli,
863 1879 1035 1974 utroque
1056 1855 1181 1970 philo·

266 1981 391 2096 sopho
402 1986 638 2092 acutissimo,
649 2009 688 2068 er
701 1982 1109 2105 doctissimo,laudeur
1124 2017 1184 2071 re-

262 2110 423 2230 portarit
436 2110 636 2227 (r).Hnnr
652 2109 836 2234 deinceps
849 2111 1017 2194 Parisios
1031 2109 1184 2196 Galliae

263 2235 540 2350 Transalpinae
561 2239 686 2322 tenuit
706 2233 933 2348 aliquandiu
948 2235 1095 2344 civitae,
1110 2238 1180 2324 ubi

266 2343 586 2451 florenrisaiinum
603 2393 757 2478 semper
770 2361 1177 2479 fuicphiloaophorum

266 2491 471 2599 eludium,
488 2495 750 2609 -larberurqoa
771 2495 810 2573 in
839 2493 971 2604 primis
991 2499 1031 2577 iu
1053 2500 1180 2608 pretio

267 2650 345 2703 non
366 2622 556 2706 mediocri
575 2622 788 2706 dialectica.
803 2623 860 2704 Ea
883 2624 921 2703 in
944 2626 1096 2707 civitate
1115 2622 1178 2706 di·

265 2751 437 2857 epulavit
481 2779 790 2864 saepenumero,
824 2773 1051 2866 curatusque
1097 2747 1174 2836 soil

268 2873 538 2960 conclusiones
568 2878 825 2988 apertissimas
841 2941 852 2984 ,
871 2903 909 2962 er
930 2877 1181 2966 difficillimae

270 2997 534 3088 dubiraliones
585 3008 741 3116 optimis
780 3007 1179 3118 argumentationibus

313 3334 363 3425 (1)
377 3337 413 3403 Di
428 3351 539 3430 panto
553 3341 603 3432 qul
614 3344 678 3411 dice
693 3345 723 3412 lo
737 3350 855 3414 ecritlor
870 3359 971 3416 nostro
990 3347 1071 3432 (legia
1086 3351 1176 3418 studii

271 3432 339 3503 fatti
366 3440 404 3506 da
436 3443 532 3508 Dante
560 3467 576 3509 e
606 3448 637 3511 in
652 3445 817 3528 Cremona,
832 3473 849 3513 e
864 3451 895 3514 in
911 3450 1031 3539 Napoli,
1042 3441 1108 3518 'nou
1123 3453 1178 3519 ab·

271 3539 370 3608 biamo
381 3545 561 3610 documento
576 3545 704 3625 alanno,
728 3547 784 3614 che
810 3549 858 3616 oel
879 3555 1031 3639 comprovi
1045 3603 1054 3622 .
1070 3551 1176 3621 lulatti

273 3645 425 3714 leonardo
440 3651 562 3716 Aretiuo
577 3649 655 3716 nella
670 3654 702 3718 di
717 3651 759 3718 lui
772 3651 912 3736 diligente
928 3656 988 3718 vita
1003 3679 1061 3722 non
1084 3681 1122 3722 ue
1147 3656 1177 3722 ia

272 3763 366 3817 molto
379 3751 505 3828 alcuoo,
521 3777 603 3818 come
620 3777 761 3843 ooppurr,
777 3752 826 3818 ch’
837 3753 863 3818 e'
876 3753 950 3822 foere
983 3782 1033 3848 per
1049 3781 1177 3850 appren-

271 3853 339 3916 dere
354 3855 381 3919 le
392 3860 504 3921 sciente
520 3855 696 3940 Teologichc
728 3853 797 3919 nell'
810 3855 978 3925 Vniverrill
994 3862 1024 3925 di
1040 3862 1144 3943 Parigi.
