3240 5042
281 564 424 652 ciem.·
443 564 633 650 Videatur
666 559 776 677 quod
796 561 847 645 ait¹
864 560 1066 672 Megaerae
1099 554 1187 640 effi·
1316 664 1320 672 Ι

280 694 400 799 cium,
419 694 518 810 quid
532 689 748 804 Tisiphone
762 686 1011 802 cupiat,qoid
1024 715 1212 801 exequa--

233 921 235 926 ,
279 841 343 902 tor
375 820 539 925 Alecto,
572 849 643 902 cur
663 847 726 902 eas
746 813 972 918 ex'Erebo,
1002 835 1040 896 et
1061 811 1189 898 Nocte

175 978 179 983 ’
282 949 509 1059 progenitae
523 968 659 1060 poetae
680 943 918 1029 fabulentur.
938 939 1061 1052 Quod
1081 939 1193 1022 deni·
1239 1035 1240 1041 Ν

273 1097 353 1190 que
372 1077 495 1160 scelus
514 1074 753 1188 impunitum
773 1071 881 1185 apud
902 1070 1005 1156 huuc
1024 1067 1186 1179 legetur,
1231 1051 1240 1072 '

275 1226 320 1285 ut
337 1227 556 1298 terreantur
584 1201 705 1286 mali?
738 1199 818 1285 Aut
839 1227 939 1314 quae
967 1199 1089 1281 virtus
1109 1221 1208 1280 uon

276 1329 404 1440 dignis
437 1321 577 1414 donata
599 1331 805 1442 praemiis,
828 1347 882 1412 ‘ut
903 1326 977 1410 sibi
999 1320 1194 1436 gaudeant

278 1457 397 1540 boni?
435 1461 575 1544 Poetae
615 1489 709 1544 uero
735 1488 855 1574 quam
876 1457 979 1541 bene
998 1481 1001 1488 ’
1017 1454 1069 1538 de
1101 1449 1191 1540 Deo

276 1616 446 1700 semper.
464 1590 673 1694 senserint,
712 1588 880 1672 declaret
901 1584 1104 1696 Virgilius,
1123 1586 1195 1701 qui

269 1713 430 1800 ‚nedum
451 1749 532 1803 esse
553 1714 916 1802 Deum‘asfirmavit
930 1779 947 1832 ¹,
965 1715 1165 1828 iuquiens:

310 1838 485 1933 Principio¹
495 1843 619 1936 eoelum
633 1865 673 1908 ac
689 1857 797 1910 terras
813 1863 1008 1929 camposque
1023 1838 1188 1929 liquentes
1294 1835 1296 1840 ⁴

312 1941 457 2035 Spiritus
472 1948 560 2011 intur
574 1947 662 2025 alit,
677 1957 824 2034 totosque
839 1943 954 2030 irffuru
966 1952 1137 2032 perantes

276 2125 279 2132 Ι
317 2043 415 2111 Mens
430 2048 693 2135 agitandorum,
717 2085 730 2096 -

228 2167 250 2190 ·’
271 2160 351 2243 's'ed
375 2161 452 2244 Dei
475 2157 600 2244 filium
616 2159 842 2244 vaticinatus
857 2182 915 2242 eet
930 2159 969 2242 in
984 2167 1198 2240 terrasesse

284 2312 507 2394 venturum,
523 2287 628 2371 illico
647 2285 790 2372 diceus:

265 2424 277 2444 '¹
312 2410 388 2483 Iam
402 2417 491 2482 redit
505 2428 538 2482 et
553 2417 655 2506 virgo,
671 2416 805 2484 redeunt
815 2417 984 2497 Saturnia
999 2424 1119 2506 regna}

280 2520 525 2631 etdeiucepa
559 2524 719 2636 reliqua.
740 2523 891 2608 Omitto
912 2545 950 2605 et
970 2522 1192 2607 Homerum

280 2673 406 2732 vatem
429 2631 544 2732 fnisse
572 2673 736 2756 tautum,
759 2674 802 2735 ut
822 2650 936 2761 louge
966 2673 1198 2764 anteaquam

281 2775 405 2885 Roma
426 2777 660 2862 conderetur
680 2776 880 2893 (natusest
894 2779 997 2870 euim
1021 2807 1112 2862 cum
1133 2780 1198 2862 Pi-

276 2932 344 2987 cos
378 2927 552 3018 regnaret
573 2911 610 2989 in
642 2897 744 2992 italia
765 2939 869 2993 anno
889 2934 977 3020 post
996 2907 1200 3022 captivita-

241 3023 354 3115 'tem
382 3033 866 3148 Troianam-centesimo)
916 3034 1029 3147 longe
1079 3037 1198 3146 igitur

274 3175 385 3242 antea
406 3159 457 3242 de
477 3163 655 3246 Romano
681 3162 834 3249 locutus
854 3165 1023 3276 imperio
1040 3232 1050 3270 ,
1065 3166 1119 3250 sic
1138 3163 1199 3250 di·

261 3290 382 3376 derit:
404 3292 481 3404 jam
504 3313 608 3401 reget
628 3295 803 3406 imperiis
818 3296 967 3385 Aeneas
986 3297 1137 3402 Troas,
1156 3319 1197 3382 er

273 3419 416 3500 huiusw
513 3435 514 3438 ’

322 3543 415 3616 Hinc
429 3548 504 3612 nati
516 3555 682 3624 natorum,
698 3557 731 3613 et
746 3549 801 3636 qui
815 3559 995 3616 nascentur
1009 3514 1051 3614 ob
1066 3547 1148 3618 ittts.
1176 3529 1180 3540 ’

271 3653 426 3736 Omitto
439 3651 679 3740 etNaaouem
698 3678 847 3764 poetam
863 3657 1047 3739 eruditiss
1058 3657 1193 3766 imum,
1277 3723 1281 3728 ·

268 3781 335 3893 qui
358 3783 487 3866 omnia
509 3779 618 3866 dedit
638 3783 752 3891 Deo,
771 3784 970 3900 iuquiens:
