3240 5042
493 427 543 477 tu

429 499 557 640 verae‚
571 554 611 616 et
625 529 981 644 incorruptissimas
1001 526 1222 612 animorum
1236 523 1349 610 sirau
1394 517 1396 520 ⁵
1461 601 1465 610 .

426 648 665 776 serviamus.
685 661 800 770 Quae
820 656 994 770 eorporis
1014 649 1204 739 dicuntur
1229 650 1333 736 booa

427 813 520 902 eum
539 786 801 872 animantibus
833 785 958 870 brutis
990 805 1089 868 sunt.
1111 781 1335 866 eommunia

426 913 565 1020 uobis,
585 944 685 1029 quae
705 912 881 998 fortunae
899 908 1145 1022 appellantur
1178 906 1342 1018 pessimi·
1470 931 1474 938 ·

337 1093 347 1122 ι
427 1037 572 1144 habent
590 1040 717 1149 multi,
729 1063 768 1125 et
782 1040 827 1124 iis
846 1036 985 1122 habitis
998 1030 1227 1122 efficiuntur
1241 1063 1336 1119 noo-

428 1196 633 1283 nuuquam
664 1166 899 1256 deteriores.
919 1163 1058 1252 Studia
1085 1191 1180 1246 reru
1212 1160 1347 1248 boua·.

424 1322 515 1382 rum
535 1297 679 1384 artium
699 1320 828 1382 nostra
848 1317 966 1402 sunt,
998 1315 1038 1377 et
1068 1313 1171 1384 reeta
1190 1286 1337 1378 iutelli-

409 1424 554 1540 gonria
587 1421 931 1541 moderationeque
965 1417 1115 1531 cognita
1141 1414 1249 1499 omni
1269 1412 1340 1504 ho·

428 1550 581 1636 minum
612 1551 742 1664 generi
773 1573 865 1635 sunt
896 1567 1149 1652 ornamento,
1182 1567 1222 1629 et
1254 1573 1335 1630 roa·

417 1673 485 1784 'los
516 1703 724 1780 exonerant
756 1679 882 1784 vitiis,
907 1701 947 1763 et
967 1677 1091 1761 bonos
1125 1671 1337 1760 virtutibus

428 1808 644 1914 cumulant,
661 1835 703 1894 et
724 1807 875 1896 mortali
909 1809 985 1894 vita
1006 1804 1159 1889 functos
1178 1804 1341 1886 immor-

430 1933 575 2023 talitate
596 1938 763 2022 nominis
781 1935 930 2046 donant
961 1963 1006 2020 ae
1038 1934 1203 2045 gloriae.
1225 1933 1337 2016 Vivit

429 2061 628 2154 Homerus
649 2065 781 2173 hodie,
800 2065 897 2148 vivit
919 2061 1118 2176 Virgilius,
1132 2061 1230 2146 'vivit
1250 2058 1337 2145 Ari·
1401 2165 1404 2170 y

428 2193 610 2302 storeles,
643 2196 739 2286 vivit
779 2197 947 2301 Cicero,
980 2197 1124 2278 vivunt
1160 2190 1334 2306 denique
1410 2199 1413 2230 ³
1492 2303 1496 2312 ‚

239 2428 242 2438 Ι
316 2337 320 2350 “
429 2321 543 2407 multi
559 2391 570 2428 ‚
588 2314 742 2441 qui'vel
762 2321 899 2412 infimo
919 2354 1056 2437 genere
1071 2321 1176 2422 nati,
1197 2319 1259 2401 vel
1279 2341 1336 2402 te·

429 2451 626 2535 nuissimis
647 2454 871 2565 parentibus
890 2453 981 2556 orti,
1001 2475 1039 2534 et
1059 2449 1335 2563 praeferuntur

359 2572 363 2586 ’
431 2575 714 2685 ditissimis,et
735 2568 1033 2690 generosissimis
1066 2575 1270 2689 plurimis,
1301 2597 1340 2656 et
1421 2603 1428 2668 j

429 2702 1342 2822 eeterosornnesbenedoeenr,atquebearevi·
1401 2805 1404 2812 .

428 2860 531 2918 vere.
546 2834 785 2921 interierunt
798 2859 929 2918 autern
945 2834 1067 2920 multa
1080 2833 1200 2920 millia
1216 2830 1336 2917 homi·

428 2961 774 3070 uum,Phaeaeurn‚
789 2963 1052 3076 Assyriorum,
1063 2960 1343 3070 Carthaginen-

430 3093 560 3196 sium,
591 3092 889 3198 Rornanorum,
921 3116 1217 3206 ceterarumque
1250 3084 1342 3196 geuss
1395 3102 1428 3196 j

365 3307 368 3312 ,
430 3218 556 3336 tium,
587 3221 658 3336 qui
693 3222 793 3302 inter
824 3220 959 3333 epulas
992 3220 1150 3333 opipare
1182 3217 1339 3316 assidue

432 3345 707 3452 versabantur,
727 3371 914 3463 erantque
935 3351 1038 3433 inter
1059 3347 1177 3458 pictas
1197 3367 1342 3444 vestes,

337 3559 340 3568 Δ
433 3468 652 3592 laborisque
672 3476 823 3562 Sidonii
840 3474 1212 3578 murrumeuta,inter
1227 3467 1347 3558 eaela-
1426 3564 1430 3576 ¹

432 3623 518 3685 turn
552 3630 783 3714 argentum,
814 3631 935 3720 atque
961 3629 1127 3705 aurum,
1148 3603 1188 3682 in
1216 3617 1348 3699 ostro,

304 3789 307 3793 -
430 3730 658 3842 unionibus,
678 3737 860 3848 pyropo,
879 3727 1161 3848 Corinthiaque
1180 3722 1350 3839 supelle-
