3240 5042
1064 441 1126 550 :111
1175 449 1179 456 ’

286 577 376 672 rum
408 587 602 674 illustrem
634 577 830 702 (r),'qui
863 583 974 698 apud
1005 583 1196 672 Carolum

283 737 436 823 ageret,
469 707 651 798 adiissent
684 710 810 818 clam,
849 712 1192 834 promisissentque

281 857 329 920 se·
360 839 417 923 illi
455 840 560 928 Prati
598 835 736 952 oppidi
770 837 1092 949 gubernationem
1122 862 1198 923 tra·

256 964 512 1076 l-dituros„si
547 991 772 1087 procuraret
799 994 892 1050 enm
922 965 1092 1068 Catulo,
1129 989 1197 1072 ut',

282 1089 404 1204 pulsis
422 1127 469 1179 ex
489 1095 588 1178 urbe
609 1087 763 1203 Nigris,
790 1092 862 1176 soli
890 1091 982 1175 Albi
1014 1091 1195 1175 domina·

281 1245 442 1310 rentur.
463 1223 644 1307 Adduxit
664 1221 715 1304 ad
735 1205 830 1324 liaeo
850 1225 989 1306 Petrus
1022 1221 1104 1332 ipse
1139 1243 1193 1303 ta·

283 1344 412 1457 bulas,
428 1353 512 1435 eius
527 1351 790 1465 promissionis
806 1348 1076 1456 testimonium
1091 1377 1136 1432 ae
1149 1345 1196 1430 fis

166 1521 175 1536 ·
278 1468 398 1582 dem,
418 1507 515 1592 quas
534 1501 573 1560 et
593 1473 822 1560 Leooardus
835 1474 1021 1559 Aretinus
1040 1504 1081 1556 se
1101 1474 1194 1558 sori-

279 1601 356 1710 psit
376 1601 507 1714 legisse
522 1602 562 1689 in
576 1601 723 1688 Palatio
742 1601 987 1707 Florentino,
1000 1599 1069 1685 sed
1088 1598 1196 1718 ltaud

280 1726 354 1810 sibi
376 1731 497 1815 videri
520 1731 635 1838 tales,
656 1760 756 1846 qnae
789 1729 899 1810 omui
924 1749 1101 1812 carerent
1132 1757 1197 1810 su·
1333 1753 1337 1763 ’

281 1854 477 1962 spicione.
499 1858 588 1941 Hoc
609 1860 726 1968 igitur
745 1855 965 1947 tabularum
985 1851 1198 1966 figmento,

282 1975 355 2060 hac
375 1979 512 2064 lrande
533 1982 677 2067 sactum
713 1988 796 2089 est,
833 2006 876 2065 ut
908 2011 1044 2065 omnes
1078 1979 1201 2066 Albos

284 2103 570 2192 exules‘seceris
590 2109 769 2214 Carolus,
788 2109 937 2221 quippe
960 2109 1030 2220 qui
1052 2107 1199 2190 mirum

282 2229 322 2312 in
345 2233 510 2317 modum
530 2236 809 2336 excanduerit,
828 2231 939 2345 qnod
960 2232 1032 2344 qui
1063 2234 1198 2348 aequi-

282 2357 456 2443 sissimus
475 2361 588 2469 foret,
610 2385 647 2444 et
668 2365 823 2447 Summi
844 2357 1045 2444 pontilicis
1074 2361 1198 2445 nomi·

280 2512 330 2566 ne
364 2487 504 2570 missus
538 2511 664 2595 esset,
683 2489 768 2570 eins
802 2486 992 2570 auderent
1024 2515 1202 2600 eorrum-

276 2637 368 2722 pere
381 2614 559 2699 animum
575 2613 1025 2728 velle,iniquitatemqne
1037 2634 1201 2726 tempta-

281 2767 346 2827 re.
368 2741 529 2851 Dentes,
550 2745 635 2860 qui,
655 2744 765 2858 quod
786 2743 859 2824 diu
891 2739 1109 2848 anhelaret,
1144 2771 1203 2824 ar-

279 2865 498 2955 bitrabatur
517 2902 557 2955 se
580 2874 749 2956 civitatis
780 2901 862 2956 esse
883 2900 1028 2984 paoem¹
1053 2899 1203 2954 asseeu·
1287 2887 1289 2898 '

280 3015 394 3102 tum,
414 3027 588 3115 eamque
603 3000 807 3084 oblaturus
829 2988 1200 3086 Summo'Ponrifiei

277 3118 442 3204 Romam
455 3126 588 3228 iverat,
602 3125 710 3210 urbis
725 3129 882 3211 nomine
898 3127 1034 3208 missus
1048 3145 1190 3228 orator,
1222 3187 1224 3190 -

283 3246 392 3362 apud
413 3246 646 3336 Pontificem
666 3254 814 3341 aberat.
835 3255 919 3367 Qui
940 3251 1200 3338 meminerant

288 3735 291 3740 ·
312 3719 365 3808 (r)
379 3717 461 3786 llere
476 3716 539 3786 dire
551 3719 690 3791 Petram
703 3714 870 3802 Ferreoli,
896 3718 946 3789 oh’
957 3734 1008 3789 era
1024 3719 1136 3787 Basore
1168 3715 1200 3782 di

288 3813 379 3889 carlo
392 3821 425 3890 ti
439 3819 563 3890 Veleia.
1096 3813 1098 3820 ’
1243 3839 1246 3846 ·
