3218 5064
501 455 579 556 140

423 619 465 668 ac
481 588 693 676 recentium,
709 581 906 682 Dantisque
922 585 1129 682 praesertim
1140 575 1262 660 'nostri
1279 607 1346 686 pu-

424 704 520 777 blice
533 700 726 773 Volumina
740 696 1036 792 interpretentur,
1048 707 1209 795 artesque
1220 718 1345 768 omnes

419 814 543 888 ‘bonae
560 811 773 884 edoceantur
789 860 800 895 ,
816 831 907 906 quae
923 810 1097 905 prosperis
1112 808 1150 878 in
1168 802 1274 882 rebus
1289 807 1341 880 iu·

420 924 652 998 ‹canditatem
669 918 849 1010 afferant,
865 921 905 989 in
922 916 1079 992 adversis
1106 918 1275 992 salutem.
1293 917 1337 992 In

298 1052 305 1068 ’
424 1039 623 1138 praesentia
653 1044 791 1120 autem,
821 1025 1115 1103 clementissime
1143 1029 1266 1123 Pater,
1293 1055 1338 1106 no

421 1170 564 1246 semper
581 1145 836 1218 Beatissimnm
855 1141 1065 1232 dixerimus,
1077 1140 1165 1240 quid
1182 1143 1236 1216 rel
1251 1154 1338 1216 tem·

384 1269 386 1276 ’
424 1283 553 1359 porum
571 1254 839 1345 vicissitudine,
857 1254 873 1350 <
891 1254 953 1326 sed
969 1265 1059 1353 quae
1076 1263 1279 1354 potestesse
1306 1265 1340 1326 te

422 1373 613 1470 superstite
627 1364 875 1467 perturbatio)
888 1366 946 1442 vei
965 1365 1127 1440 fortunae
1144 1367 1338 1466 iniquitate,

422 1482 482 1556 vel
497 1481 700 1582 aliquorum
716 1480 821 1581 culpa
839 1478 1039 1580 perfectum
1054 1480 1134 1570 ait,
1150 1492 1192 1550 ut
1222 1477 1337 1576 gratis·

424 1595 550 1684 simus,
565 1604 674 1693 atque
704 1594 947 1692 optatissimus
977 1590 1076 1666 locus
1103 1588 1207 1689 longa
1237 1587 1343 1662 inter·

424 1706 598 1778 missione
618 1702 691 1776 fere
707 1705 949 1802 extorruerit,
977 1713 1079 1786 tanto
1103 1725 1167 1775 nos
1184 1723 1339 1778 moerore

424 1816 571 1906 affecit,
588 1828 628 1888 ut
646 1830 861 1890 transversos
877 1830 980 1915 agat,
997 1831 1034 1890 et
1047 1817 1092 1892 ab
1107 1817 1208 1890 omui
1226 1811 1340 1915 procui

422 1925 608 2025 voluptate
635 1928 680 2000 ad
713 1930 874 2000 miserias
908 1953 1034 2002 omnes
1055 1928 1264 2002 transferat:
1283 1927 1340 2026 qui

312 2055 315 2069 ·
425 2041 540 2138 pudor
556 2063 653 2111 nunc
672 2042 711 2136 in
730 2037 833 2112 nobis
849 2053 925 2133 est,
943 2044 1128 2114 intuemur
1145 2041 1339 2130 neminem,

424 2149 520 2250 qnod
533 2147 640 2226 ¹antea
658 2156 760 2227 inani
778 2155 934 2254 quadam
950 2157 1060 2254 gloria
1069 2211 1080 2249 ,
1091 2154 1240 2230 florente
1257 2159 1340 2232 dca-

422 2267 565 2357 demin,
593 2266 804 2342 eveniebat.
831 2265 1075 2364 Quamobrem
1105 2268 1208 2362 beia,
1236 2269 1336 2342 Putet·

415 2377 641 2470 Beatissimo,
656 2406 701 2454 ne
714 2383 871 2481 patiatur
883 2383 1062 2457 Sanctitas
1075 2383 1122 2458 V.
1136 2380 1229 2483 quod
1242 2375 1287 2453 ab
1296 2402 1337 2450 ea

417 2503 620 2565 extructum
647 2508 755 2594 atque
784 2497 993 2570 institutum
1022 2507 1099 2587 est,
1128 2495 1329 2591 cuiusquam

416 2605 546 2677 iniuria
565 2606 678 2698 deici,
696 2609 761 2681 aut‘
770 2609 913 2683 destitui
930 2639 938 2682 :
954 2635 1000 2684 ne
1017 2611 1203 2713 permittat
1213 2604 1325 2678 Athe·

415 2713 479 2787 nas¹
496 2741 574 2788 suas
598 2719 679 2816 (sic
706 2723 805 2792 enim
831 2722 1014 2820 appellare
1044 2722 1135 2795 libet
1161 2720 1335 2796 bonarum

415 2832 581 2901 omnium
598 2833 731 2903 artium
750 2836 967 2908 inventrices
987 2837 1002 2929 )
1029 2836 1116 2908 adeo
1133 2831 1268 2922 deseri,
1295 2841 1338 2900 ut

414 2937 486 3011 dici
513 2942 559 3011 de
576 2940 634 3014 his
650 2945 781 3038 possit,
798 2947 892 3042 quod
910 2950 948 3018 in
966 2948 1072 3021 Asiae
1102 2943 1226 3018 urbem
1249 2966 1331 3043 pto·

405 3065 588 3148 stratam,
605 3055 743 3130 dictum
762 3087 780 3130 a
798 3060 970 3134 Diomede
984 3060 1119 3151 fertur,
1138 3081 1263 3156 magna
1280 3059 1329 3128 ci·

412 3167 529 3257 nitas,
547 3193 674 3268 magna
695 3171 869 3246 solitudo.
886 3175 1031 3268 Quanta
1049 3177 1228 3246 existimat
1246 3172 1334 3242 San·

409 3280 513 3350 ctitas
543 3280 588 3354 V.
617 3307 730 3380 quum
760 3286 973 3359 verecundia
1010 3284 1102 3359 affici
1131 3285 1331 3372 Vrsinum,

411 3388 692 3496 blpbanumque
709 3408 883 3488 nostrum,
897 3423 1014 3472 sacrae
1032 3393 1330 3496 huiusquondam

411 3503 624 3580 Academiae
640 3507 889 3584 celeberrimos
919 3513 1101 3603 Oratores,
1129 3507 1258 3609 quibus
1287 3506 1332 3581 de

411 3615 536 3688 eadem
559 3645 579 3690 a
601 3620 797 3695 Sanctitate
824 3625 869 3694 V.
900 3623 1062 3698 eiusdem
1093 3617 1331 3694 restituendae

409 3725 625 3806 demandata
654 3760 736 3808 cura
768 3737 904 3830 suerat3
932 3749 1063 3838 quanta
1093 3732 1326 3808 Academicos
